%% This BibTeX bibliography file was created using BibDesk.
%% http://bibdesk.sourceforge.net/

%% Created for Margit Bowler at 2018-02-08 10:10:15 -0800 

%% Saved with string encoding Unicode (UTF-8) 

%@preamble{ " \newcommand{\noop}[1]{} " }


@book{szab97,
	Date-Added = {2018-05-31 20:21:58 +0000},
	Date-Modified = {2018-05-31 20:22:56 +0000},
	Editor = {Anna Szabolcsi},
	Keywords = {quantifiers},
	Publisher = {Springer},
	Title = {Ways of {S}cope {T}aking},
	Year = {1997}}


@Book{hansenhansen77,
  author = 	 {D. C. Hansen and L. E. Hansen},
  title = 	 {Pintupi-{Luritja} Dictionary},
  year =	 {1977},
  ALTdate = 	 {},
  OPTkey = 	 {},
  publisher =	 {Summer Institute of Linguistics},
  OPTannote = 	 {}
}

@book{dixon72,
	Author = {R.M.W.\ Dixon},
	Date-Added = {2018-05-18 17:23:08 +0000},
	Date-Modified = {2018-05-18 17:24:06 +0000},
	Keywords = {australian, quanthandbook},
	Publisher = {Cambridge {U}niversity {P}ress},
	Series = {Cambridge {S}tudies in {L}inguistics},
	Title = {The {Dyirbal} Language of {Northern} {Queensland}},
	Year = {1972}}

@book{dixon77,
	Author = {R.M.W.\ Dixon},
	Date-Added = {2018-05-18 17:01:13 +0000},
	Date-Modified = {2018-05-18 17:02:17 +0000},
	Keywords = {australian, quanthandbook},
	Publisher = {Cambridge {U}niversity {P}ress},
	Title = {A Grammar of {Yidiny}},
	Year = {1977}}

@book{kc96,
	Address = {Canberra},
	Author = {Jean Kirton and Bella Charlie},
	Date-Added = {2018-05-17 04:54:48 +0000},
	Date-Modified = {2018-05-17 04:55:46 +0000},
	Keywords = {australian, quanthandbook},
	Publisher = {Pacific {L}inguistics},
	Series = {C},
	Title = {Further Aspects of the Grammar of {Yanyuwa}},
	Year = {1996}}

@unpublished{dench91,
	Author = {Alan Dench},
	Date-Added = {2018-05-17 04:05:22 +0000},
	Date-Modified = {2018-05-17 04:06:11 +0000},
	Keywords = {australian, quanthandbook},
	Title = {Panyjima {G}rammar},
	Year = {1991}}

@book{goddard92,
	Author = {Cliff Goddard},
	Date-Added = {2018-05-16 20:05:21 +0000},
	Date-Modified = {2018-05-16 20:06:55 +0000},
	Keywords = {australian, quanthandbook},
	Publisher = {{I}nstitute for {A}boriginal {D}evelopment},
	Title = {Pitjantjatjara/{Y}ankunytjatjara to {E}nglish dictionary},
	Year = {1992}}

@phdthesis{horn72,
	Author = {Laurence Horn},
	Date-Added = {2018-05-16 04:17:44 +0000},
	Date-Modified = {2018-05-16 04:19:07 +0000},
	Keywords = {pragmatics},
	School = {University of {C}alifornia, {L}os {A}ngeles},
	Title = {On the {S}emantic {P}roperties of {L}ogical {O}perators in {E}nglish},
	Year = {1972}}

@book{sharpe72,
	Address = {Canberra},
	Author = {Margaret Sharpe},
	Date-Added = {2018-05-14 19:24:42 +0000},
	Date-Modified = {2018-05-14 19:25:56 +0000},
	Keywords = {australian, quanthandbook},
	Publisher = {Australian {I}nstitute of {A}boriginal {S}tudies},
	Series = {Linguistic {S}eries},
	Title = {Alawa {P}honology and {G}rammar},
	Year = {1972}}

@unpublished{wdp,
	Author = {Ken Hale and Robert Hoogenraad and Mary Laughren and David Nash and Jane Simpson},
	Date-Added = {2018-05-14 18:53:37 +0000},
	Date-Modified = {2018-05-14 18:58:55 +0000},
	Keywords = {warlpiri},
	Title = {Warlpiri {D}ictionary {P}roject}}

@incollection{baker08,
	Author = {Brett Baker},
	Booktitle = {Discourse and Grammar in {Australian} Languages},
	Date-Added = {2018-05-09 03:44:15 +0000},
	Date-Modified = {2018-05-09 03:46:03 +0000},
	Editor = {Ilana Mushin and Brett Baker},
	Keywords = {quanthandbook, australian},
	Pages = {135--166},
	Publisher = {John Benjamins Publishing Company},
	Series = {Studies in Language Companion Series},
	Title = {The interpretation of complex nominal expressions in {Southeast} {Arnhem} {Land} languages},
	Volume = {104},
	Year = {2008}}


@unpublished{kofod96,
	Author = {Frances Kofod},
	Date-Added = {2018-05-09 03:03:29 +0000},
	Date-Modified = {2018-05-09 03:04:29 +0000},
	Keywords = {quanthandbook, australian},
	Note = {Halls {C}reek: {K}imberley {L}anguage {R}esource {C}entre},
	Title = {Introduction to the {K}ija {L}anguage},
	Year = {1996}}


@unpublished{boltetal71,
	Author = {J.E. Bolt and W.G. Hoddinott and F.M. Kofod},
	Date-Added = {2018-05-09 02:44:43 +0000},
	Date-Modified = {2018-05-09 02:46:43 +0000},
	Keywords = {quanthandbook},
	Note = {Armidale},
	Title = {An {E}lementary {G}rammar of the {N}galiwuru {L}anguage of the {N}orthern {T}erritory},
	Year = {1971}}

@book{keenanpaperno17,
	Date-Added = {2018-05-08 20:00:41 +0000},
	Date-Modified = {2018-05-08 20:01:24 +0000},
	Editor = {Edward L. Keenan and Denis Paperno},
	Keywords = {quanthandbook, quantifiers},
	Publisher = {Springer {N}etherlands},
	Series = {Studies in {L}inguistics and {P}hilosophy},
	Title = {Handbook of {Q}uantifiers in {N}atural {L}anguage: {V}olume {II}},
	Volume = {97},
	Year = {2017}}


@book{keenanpaperno12,
	Date-Added = {2018-05-08 19:58:15 +0000},
	Date-Modified = {2018-05-08 19:59:33 +0000},
	Editor = {Edward L. Keenan and Denis Paperno},
	Keywords = {quanthandbook, quantifiers},
	Publisher = {Springer {N}etherlands},
	Series = {Studies in {L}inguistics and {P}hilosophy},
	Title = {Handbook of {Q}uantifiers in {N}atural {L}anguage},
	Volume = {90},
	Year = {2012}}


@Unpublished{malakdict,
  author = 	 {Biddy Yungguny Lindsay and Rita Pirak and Francis Mijat and Dorothea Hoffmann},
  title = 	 {A Dictionary of {MalakMalak}},
  ALTyear = 	 {},
  date =	 {2017-10-17},
  OPTkey = 	 {},
  OPTsubtitle =  {},
  OPTtitleaddon = {},
  OPTlanguage =  {},
  OPThowpublished = {},
  OPTnote = 	 {},
  OPTlocation =  {},
  OPTisbn = 	 {},
  OPTdate = 	 {},
  OPTmonth = 	 {},
  OPTyear = 	 {},
  OPTaddendum =  {},
  OPTpubstate =  {},
  url =		 {http://www.academia.edu/34875677/A_Dictionary_of_MalakMalak},
  urldate =	 {2018-02-20},
  OPTannote = 	 {}
}

@book{sharp04,
    title = "Nyangumarta: {A} language of the {Pilbara} region of {Western} {Australia}",
    author = "Janet Sharp",
    year = "2004",
    language = "English",
    isbn = "0 85883 529 0",
    publisher = "Pacific Linguistics"
}

@book{lissarrague06,
      author                     = {Amanda Lissarrague},
      publisher                  = {Muurrbay Language and Culture Centre},
      title                      = {A salvage grammar and wordlist of the language from the {Hunter} {River} and {Lake} {Macquarie}},
      year                       = {2006},
      aiatsis_code               = {S66, S63},
      aiatsis_reference_language = {Awabakal, Wonnarua},
      class_loc                  = {PL7101.A7},
      document_type              = {B},
      fn                         = {australia\lissarrague_lake-macquarie2006_s.pdf, australia\lissarrague_hunter-macquarie2006pages.pdf, australia\lissarrague_hunter-river2006.pdf},
      hhtype                     = {grammar_sketch;dictionary},
      inlg                       = {English [eng]},
      isbn                       = {9780977535101},
      lgcode                     = {Wonnarua = Awabakal [awk]},
      macro_area                 = {Australia},
      mpi_eva_library_shelf      = {PL 7101 .A7 LIS 2006},
      oclc                       = {177852916},
      ozbib_id                   = {3521},
      ozbibreftype               = {6},
      src                        = {hh, mpieva, ozbib}
}

@InCollection{lewis75,
    booktitle = {Formal Semantics of Natural Language},
    title = {Adverbs of Quantification},
    publisher = {Cambridge University Press},
    editor = {Edward L. Keenan},
    pages = {178--188},
    author = {David Lewis},
    year = {1975}
}

@Book{evans03,
  author =	 {Nicholas Evans},
  title = 	 {Bininj Gun-Wok: A pandialectal grammar of {Mayali}, {Kunwinjku} and {Kune}},
  publisher = 	 {Pacific Linguistics},
  year = 	 {2003},
  OPTkey = 	 {},
  OPTvolume = 	 {},
  OPTnumber = 	 {},
  OPTseries = 	 {},
  address =	 {Canberra}
}

@mastersthesis{kofod78,
	Author = {Frances Kofod},
	Date-Added = {2018-04-05 04:03:22 +0000},
	Date-Modified = {2018-04-05 04:04:23 +0000},
	Keywords = {australian, quanthandbook},
	School = {University of {N}ew {E}ngland},
	Title = {The {M}iriwung {L}anguage ({E}ast {K}imberley): {A} {P}honological and {M}orphological {S}tudy},
	Year = {1978}}

@book{terrill98,
	Address = {M\"{u}nchen},
	Author = {Angela Terrill},
	Date-Added = {2018-03-28 19:38:44 +0000},
	Date-Modified = {2018-03-28 19:39:40 +0000},
	Keywords = {australian, quanthandbook},
	Publisher = {Lincom {E}uropa},
	Title = {Biri},
	Year = {1998}}


@book{tryon70,
	Address = {Canberra},
	Author = {Darrell Tryon},
	Date-Added = {2018-03-28 19:30:10 +0000},
	Date-Modified = {2018-03-28 19:30:59 +0000},
	Keywords = {quanthandbook, australian},
	Publisher = {Pacific {L}inguistics},
	Series = {B},
	Title = {An {I}ntroduction to {M}aranungku ({N}orthern {A}ustralia)},
	Volume = {15},
	Year = {1970}}


@book{dixon02,
	Author = {R.M.W.\ Dixon},
	Date-Added = {2018-03-12 22:39:36 +0000},
	Date-Modified = {2018-03-12 22:40:06 +0000},
	Keywords = {australian},
	Publisher = {Cambridge {U}niversity {P}ress},
	Title = {Australian {L}anguages},
	Year = {2002}}


@book{bachetal95,
	Address = {Dordrecht},
	Date-Added = {2018-03-27 17:26:51 +0000},
	Date-Modified = {2018-03-27 17:27:58 +0000},
	Editor = {Emmon Bach and Eloise Jelinek and Angelika Kratzer and Barbara Partee},
	Keywords = {quantifiers},
	Publisher = {Kluwer {A}cademic {P}ublishers},
	Title = {Quantification in {N}atural {L}anguages},
	Year = {1995}}


@InCollection{gil95,
  author = 	 {David Gil},
  title = 	 {Universal Quantifiers and Distributivity},
  booktitle = 	 {Quantification in Natural Languages},
  OPTcrossref =  {},
  OPTkey = 	 {},
  pages =	 {321--362},
  publisher =	 {Kluwer},
  year =	 {1995},
  editor =	 {Emmon Bach and Eloise Jelinek and Angelika Kratzer and Barbara Hall Partee},
  OPTvolume = 	 {},
  OPTnumber = 	 {},
  OPTseries = 	 {},
  OPTtype = 	 {},
  chapter =	 {10},
  OPTaddress = 	 {},
  OPTannote = 	 {}
}

@Article{gil93,
  author = 	 {David Gil},
  title = 	 {Nominal and Verbal Quantification},
  journal = 	 {STUF},
  year = 	 {1993},
  OPTkey = 	 {},
  OPTvolume = 	 {},
  OPTnumber = 	 {},
  OPTpages = 	 {},
  OPTmonth = 	 {},
  OPTnote = 	 {},
  OPTannote = 	 {}
}

@PhdThesis{blythe09,
  author = 	 {Joe Blythe},
  title = 	 {Doing referring in {Murriny} {Patha} conversation},
  school = 	 {University of Sydney},
  year = 	 {2009}
}

@Book{hercus92,
  author =	 {Luise Anna Hercus},
  ALTeditor = 	 {},
  title = 	 {Wembawemba dictionary},
  OPTpublisher = 	 {},
  year = 	 {1992},
  OPTkey = 	 {},
  OPTvolume = 	 {},
  OPTnumber = 	 {},
  OPTseries = 	 {},
  address =	 {Canberra},
  OPTedition = 	 {},
  OPTmonth = 	 {},
  OPTnote = 	 {},
  OPTannote = 	 {}
}

@Misc{ngaralk,
  author =	 {Ruth Singer and Nita Garidjalalug and Heather Hewett and Peggy Mirwuma and Phillip Ambidjambidj},
  title = 	 {Mawng dictionary},
  year =	 {2015},
  howpublished = 	 {\url{http://www.mawngngaralk.org.au/main/dictionary.php}},
  OPTnote = 	 {},
  OPTannote = 	 {}
}

@book{tryon74,
	Address = {Canberra},
	Author = {Darrell Tryon},
	Date-Added = {2018-02-21 06:40:57 +0000},
	Date-Modified = {2018-02-21 06:41:48 +0000},
	Keywords = {australian, quanthandbook},
	Publisher = {Pacific {L}inguistics},
	Series = {C},
	Title = {Daly {F}amily {L}anguages, {A}ustralia},
	Volume = {32},
	Year = {1974}}

@book{donaldson80,
	Author = {Tamsin Donaldson},
	Date-Added = {2018-02-20 18:49:26 +0000},
	Date-Modified = {2018-02-20 18:50:37 +0000},
	Keywords = {australian, quanthandbook},
	Publisher = {Cambridge {U}niversity {P}ress},
	Title = {Ngiyambaa: {T}he {L}anguage of the {W}angaaybuwan},
	Year = {1980}}

@phdthesis{alpher73,
	Author = {Barry Alpher},
	Date-Added = {2018-02-20 18:16:21 +0000},
	Date-Modified = {2018-02-20 18:17:10 +0000},
	Keywords = {australian, quanthandbook},
	School = {Cornell {U}niversity},
	Title = {Son of {E}rgative: {T}he {Y}ir {Y}oront {L}anguage of {N}ortheast {A}ustralia},
	Year = {1973}}

@book{blake79,
  address    = {Canberra},
  author     = {Blake, Barry J.},
  publisher  = {Australian National University},
  series     = {Pacific Linguistics, Series B},
  title      = {A {Kalkatungu} Grammar},
  volume     = {57},
  year       = {1979},
  iso_code   = {ktg},
  olac_field = {syntax; phonetics; semantics; general_linguistics; phonology; typology},
  wals_code  = {kgu}
}

@mastersthesis{breen71,
	Author = {J.G.\ Breen},
	Date-Added = {2018-02-20 05:58:18 +0000},
	Date-Modified = {2018-02-20 05:58:52 +0000},
	Keywords = {australian, quanthandbook},
	School = {Monash {U}niversity},
	Title = {A {D}escription of the {W}aluwara {L}anguage},
	Year = {1971}}

@phdthesis{wilkinson91,
  author     = {Melanie P. Wilkinson},
  school     = {University of Sydney},
  title      = {Djambarrpuyŋu: A {Yolŋu} Variety of {Northern} {Australia}},
  year       = {1991},
  iso_code   = {djr},
  olac_field = {morphology; typology; general_linguistics; semantics; syntax},
  wals_code  = {djm}
}

@Book{nuydict,
  author =	 {Jeffrey Heath},
  title = 	 {Nunggubuyu dictionary},
  publisher = 	 {Australian Institute of {Aboriginal} Studies},
  year = 	 {1982},
  address =	 {Canberra},
  OPTannote = 	 {}
}

@book{heath84,
	Address = {Canberra},
	Author = {Jeffrey Heath},
	Date-Added = {2018-02-20 05:26:18 +0000},
	Date-Modified = {2018-02-20 05:27:09 +0000},
	Keywords = {australian, quanthandbook},
	Publisher = {Australian {I}nstitute of {A}boriginal {S}tudies},
	Title = {Functional {G}rammar of {N}unggubuyu},
	Year = {1984}}

@unpublished{bw05,
	Author = {Claire Bowern and Stephen Wurm},
	Date-Added = {2018-02-20 04:48:23 +0000},
	Date-Modified = {2018-02-20 05:50:35 +0000},
	Keywords = {australian, quanthandbook},
	Note = {Collection of text files},
	Title = {Nhirrpi},
	Year = {2005}}

@misc{nordlinger90,
  author     = {Nordlinger, Rachel},
  school     = {University of Melbourne},
  title      = {A Sketch Grammar of {Bilinarra}},
  year       = {1990},
  iso_code   = {nbj},
  olac_field = {syntax; general_linguistics; typology; semantics; morphology},
  wals_code  = {bnr}
}

@incollection{mcgregor89,
	Author = {William McGregor},
	Booktitle = {Status and {F}unction of {L}anguages and {L}anguage {V}arieties},
	Date-Added = {2018-02-19 22:06:19 +0000},
	Date-Modified = {2018-02-19 22:08:07 +0000},
	Editor = {Ulrich Ammon},
	Keywords = {australian, quanthandbook},
	Pages = {630-656},
	Publisher = {Walter de {G}ruyter},
	Title = {Gooniyandi {M}other-in-{L}aw ``{L}anguage'': {D}ialect, {R}egister, and/or {C}ode?},
	Year = {1989}}

@phdthesis{cook87,
	Author = {Anthony Cook},
	Date-Added = {2018-02-19 21:29:00 +0000},
	Date-Modified = {2018-02-19 21:30:03 +0000},
	Keywords = {australian, quanthandbook},
	School = {La {T}robe {U}niversity},
	Title = {Wagiman {M}atyin: {A} {D}escription of the {W}agiman {L}anguage of the {N}orthern {T}erritory},
	Year = {1987}}

@mastersthesis{westerlund07,
	Author = {Torbj\"{o}rn Westerlund},
	Date-Added = {2018-02-19 20:41:14 +0000},
	Date-Modified = {2018-02-19 21:22:12 +0000},
	Keywords = {australian, quanthandbook},
	School = {Uppsala {U}niversity},
	Title = {A grammatical sketch of {N}garla: {A} language of {W}estern {A}ustralia},
	Year = {2007}}

@unpublished{patz91,
	Author = {Elisabeth Patz},
	Date-Added = {2018-02-19 20:42:50 +0000},
	Date-Modified = {2018-02-19 20:43:29 +0000},
	Keywords = {australian, quanthandbook},
	Title = {Djabugay {G}rammar, {T}exts and {V}ocabulary},
	Year = {1991}}

@book{merlan89,
	Address = {London, {N}ew {Y}ork},
	Author = {Francesca Merlan},
	Date-Added = {2018-02-19 20:15:50 +0000},
	Date-Modified = {2018-02-19 20:16:43 +0000},
	Keywords = {australian, quanthandbook},
	Publisher = {Routledge},
	Title = {Mangarayi},
	Year = {1989}}

@book{oates88,
  address    = {Canberra},
  author     = {Oates, Lynette Francis},
  publisher  = {Australian National University},
  series     = {Pacific Linguistics, Series C},
  title      = {The {Muruwari} Language},
  volume     = {108},
  year       = {1988},
  iso_code   = {zmu},
  olac_field = {syntax; morphology; typology; semantics; phonology; general_linguistics; phonetics},
  wals_code  = {mrw}
}

@book{dench95,
  address    = {Canberra},
  author     = {Alan Dench},
  publisher  = {Australian National University},
  series     = {Pacific Linguistics, Series C},
  title      = {Martuthunira: A Language of the {Pilbara} Region of {Western} {Australia}},
  volume     = {125},
  year       = {1995},
  iso_code   = {vma},
  olac_field = {syntax; general_linguistics; semantics; morphology; typology; phonology; phonetics},
  wals_code  = {mrt}
}

@book{marsh92,
	Address = {Darwin},
	Author = {James Marsh},
	Date-Added = {2018-02-18 18:36:56 +0000},
	Date-Modified = {2018-02-18 18:37:56 +0000},
	Keywords = {australian, quanthandbook},
	Publisher = {{S}ummer {I}nstitute of {L}inguistics},
	Title = {Martu {W}angka-{E}nglish {D}ictionary},
	Year = {1992}}

@book{nordlinger98,
	Author = {Rachel Nordlinger},
	Date-Added = {2018-02-18 18:30:54 +0000},
	Date-Modified = {2018-02-18 18:31:54 +0000},
	Keywords = {australian, quanthandbook},
	Publisher = {Pacific {L}inguistics},
	Series = {C},
	Title = {A {G}rammar of {W}ambaya, {N}orthern {T}erritory ({A}ustralia)},
	Volume = {140},
	Year = {1998}}

@Book{wilkins89,
  author = 	 {David Wilkins},
  title = 	 {Mparntwe {Arrernte} ({Aranda}): {Studies} in the Structure and Semantics of Grammar},
  year =	 {1989},
  ALTdate = 	 {},
  publisher =	 {Australian National University},
  location =	 {Canberra},
  OPTannote = 	 {}
}

@unpublished{waters83,
	Author = {Bruce Waters},
	Date-Added = {2018-02-18 06:52:56 +0000},
	Date-Modified = {2018-02-18 06:53:53 +0000},
	Keywords = {australian, quanthandbook},
	Note = {Work {P}apers of {SIL-AAB}. {S}eries {B}, 9},
	Title = {An {I}nterim {D}jinang {D}ictionary},
	Year = {1983}}

@phdthesis{harvey92,
	Author = {Mark Harvey},
	Date-Added = {2018-02-18 06:26:31 +0000},
	Date-Modified = {2018-02-18 06:27:39 +0000},
	Keywords = {australian, quanthandbook},
	School = {University of {S}ydney},
	Title = {The {G}aagudju {P}eople and {T}heir {L}anguage},
	Year = {1992}}

@book{harvey02,
	Address = {Berlin},
	Author = {Mark Harvey},
	Date-Added = {2018-02-18 06:22:03 +0000},
	Date-Modified = {2018-02-18 06:22:52 +0000},
	Keywords = {australian, quanthandbook},
	Publisher = {Mouton de {G}ruyter},
	Series = {Mouton {G}rammar {L}ibrary},
	Title = {A {G}rammar of {G}aagudju},
	Volume = {24},
	Year = {2002}}

@unpublished{sands89,
	Author = {Anna Sands},
	Date-Added = {2018-02-18 02:38:01 +0000},
	Date-Modified = {2018-02-18 02:38:33 +0000},
	Keywords = {australian, quanthandbook},
	Note = {{BA} {T}hesis, the {A}ustralian {N}ational {U}niversity},
	Title = {A {G}rammar of {G}aradjari, {W}estern {A}ustralia},
	Year = {1989}}

@unpublished{green87,
	Author = {Rebecca Green},
	Date-Added = {2018-02-18 02:25:04 +0000},
	Date-Modified = {2018-02-18 02:26:39 +0000},
	Keywords = {australian, quanthandbook},
	Note = {{BA} {T}hesis, the {A}ustralian {N}ational {U}niversity},
	Title = {A {S}ketch {G}rammar of {B}urarra},
	Year = {1987}}

@phdthesis{round09,
	Author = {Erich Round},
	Date-Added = {2018-02-17 20:55:50 +0000},
	Date-Modified = {2018-02-17 20:59:53 +0000},
	Keywords = {australian, quanthandbook},
	School = {Yale {U}niversity},
	Title = {Kayardild {M}orphology, {P}honology and {M}orphosyntax},
	Year = {2009}}

@book{osborne74,
	Address = {Canberra},
	Author = {{C.R.} Osborne},
	Date-Added = {2018-02-17 19:47:26 +0000},
	Date-Modified = {2018-02-17 19:49:26 +0000},
	Keywords = {australian, quanthandbook},
	Publisher = {Australian {I}nstitute of {A}boriginal {S}tudies},
	Series = {Australian {A}boriginal {S}tudies},
	Title = {The {T}iwi {L}anguage},
	Volume = {55},
	Year = {1974}}

@mastersthesis{carroll76,
	Author = {Peter Carroll},
	Date-Added = {2018-02-17 19:31:58 +0000},
	Date-Modified = {2018-02-17 19:32:51 +0000},
	Keywords = {australian, quanthandbook},
	School = {{T}he {A}ustralian {N}ational {U}niversity},
	Title = {Kunwinjku: {A} {L}anguage of {A}rnhem {L}and},
	Year = {1976}}

@book{mcgregor90,
	Address = {Amsterdam/{P}hiladelphia},
	Author = {William McGregor},
	Date-Added = {2018-02-17 02:08:29 +0000},
	Date-Modified = {2018-02-17 02:09:31 +0000},
	Keywords = {australian, quanthandbook},
	Publisher = {John {B}enjamins {P}ublishing {C}ompany},
	Series = {Studies in {L}anguage {C}ompanion {S}eries},
	Title = {A Functional Grammar of {Gooniyandi}},
	Volume = {22},
	Year = {1990}}

@book{kn14,
	Address = {Berlin/Boston},
	Date-Added = {2018-02-12 18:39:56 +0000},
	Date-Modified = {2018-02-12 18:41:44 +0000},
	Editor = {Harold Koch and Rachel Nordlinger},
	Keywords = {australian, quanthandbook},
	Publisher = {Walter de {G}ruyter},
	Series = {The {W}orld of {L}inguistics},
	Title = {The {L}anguages and {L}inguistics of {A}ustralia: {A} {C}omprehensive {G}uide},
	Volume = {3},
	Year = {2014}}

@unpublished{davies89,
	Author = {Jennifer Davies},
	Date-Added = {2018-02-12 18:27:17 +0000},
	Date-Modified = {2018-02-12 18:27:48 +0000},
	Keywords = {australian, quanthandbook},
	Note = {{BA} {T}hesis},
	Title = {Umbugarla: {A} {S}ketch {G}rammar},
	Year = {1989}}

@Book{birch06,
  author = 	 {Bruce Birch},
  title = 	 {A First Dictionary of {Erre}, {Mengerrdji} and {Urningangk}},
  year =	 {2006},
  ALTdate = 	 {},
  OPTkey = 	 {},
  OPTeditor = 	 {},
  subtitle =	 {Three languages from the {Alligator} {Rivers} Region of North Western {Arnhem} {Land}, {Northern} {Territory}, {Australia}},
  OPTtitleaddon = {},
  publisher =	 {Gundjeihmi Aboriginal Corporation},
  location =	 {Jabiru},
  OPTisbn = 	 {},
  OPTchapter = 	 {}
}

@book{sharpe98,
	Author = {Margaret Sharpe},
	Date-Added = {2018-02-11 23:19:37 +0000},
	Date-Modified = {2018-02-11 23:20:50 +0000},
	Keywords = {australian, quanthandbook},
	Publisher = {Pacific Linguistics},
	Title = {Dictionary of {Yugambeh}},
	Volume = {139},
	Year = {1998}}

@book{platt72,
	Author = {John Platt},
	Date-Added = {2018-02-11 23:11:44 +0000},
	Date-Modified = {2018-02-11 23:13:05 +0000},
	Keywords = {australian, quanthandbook},
	Publisher = {Australian {I}nstitute of {A}boriginal {S}tudies},
	Title = {An {O}utline {G}rammar of the {G}ugada {D}ialect: {S}outh {A}ustralia},
	Year = {1972}}

@Book{heath81,
  author = 	 {Jeffrey Heath},
  title = 	 {Basic Materials in {Mara}: {Grammar}, Texts and Dictionary},
  year =	 {1981},
  OPTvolume = 	 {},
  OPTpart = 	 {},
  OPTedition = 	 {},
  OPTvolumes = 	 {},
  series =	 {Pacific Linguistics, Series C},
  number =	 {60},
  OPTnote = 	 {},
  publisher =	 {ANU},
  location =	 {Canberra},
  OPTannote = 	 {}
}

@phdthesis{ikthesis,
  author = 	 {Ivan Kapitonov},
  title = 	 {A Grammar of {Kunbarlang}},
  OPTtype = 	 {PhD thesis},
  school =  {University of Melbourne},
  OPTdate = 	 {},
  OPTkey = 	 {},
  OPTchapter = 	 {},
  OPTpagetotal = {},
  pubstate =	 {in~prep.}
  }

@book{pintupi77,
	Author = {{Summer {I}nstitute of {L}inguistics}},
	Date-Added = {2018-02-11 21:52:56 +0000},
	Date-Modified = {2018-02-11 21:54:35 +0000},
	Keywords = {australian, quanthandbook},
	Publisher = {{I}nstitute for {A}boriginal {D}evelopment},
	Title = {Pintupi/{L}uritja {D}ictionary},
	Year = {1977}}

@Article{mushin95,
  author = 	 {Ilana Mushin},
  title = 	 {Epistememes in {Australian} languages},
  journaltitle = {Australian Journal of Linguistics},
  year =	 {1995},
  ALTdate = 	 {},
  OPTkey = 	 {},
  volume =	 {15},
  number =	 {1},
  OPTeid = 	 {},
  OPTissue = 	 {},
  OPTmonth = 	 {6},
  pages =	 {1--31},
  OPTversion = 	 {},
  OPTannote = 	 {}
}

@Book{mushin12,
  author = 	 {Ilana Mushin},
  title = 	 {A Grammar of ({Western}) {Garrwa}},
  year =	 {2012},
  ALTdate = 	 {},
  OPTkey = 	 {},
  OPTvolume = 	 {},
  series =	 {Pacific Linguistics},
  number =	 {637},
  OPTnote = 	 {},
  publisher =	 {Walter de Gruyter},
  location =	 {Boston/Berlin},
  OPTisbn = 	 {},
  OPTdoi = 	 {},
  OPTeprint = 	 {},
  OPTannote = 	 {}
}

@periodical{furby77,
	Author = {E.S.\ Furby and C.E.\ Furby},
	Date-Added = {2018-02-08 21:20:08 +0000},
	Date-Modified = {2018-02-08 21:21:14 +0000},
	Journal = {Pacific {L}inguistics},
	Keywords = {australian, quanthandbook},
	Title = {A {P}reliminary {A}nalysis of {G}arawa {P}hrases and {C}lauses},
	Volume = {42},
	Year = {1977}}

@incollection{fo91,
	Author = {Kevin Ford and Dana Ober},
	Booktitle = {Language in {A}ustralia},
	Date-Added = {2018-02-08 20:59:31 +0000},
	Date-Modified = {2018-02-08 21:01:57 +0000},
	Editor = {S.\ Romaine},
	Keywords = {australian, quanthandbook},
	Pages = {118-142},
	Publisher = {Cambridge {U}niversity {P}ress},
	Title = {A sketch of {K}alaw {K}awaw {Y}a},
	Year = {1991}}

@periodical{thompson88,
	Author = {David Thompson},
	Date-Added = {2018-02-08 20:41:30 +0000},
	Date-Modified = {2018-02-08 20:43:14 +0000},
	Journal = {Work {P}apers of {SIL-AAIB}},
	Keywords = {australian, quanthandbook},
	Title = {Lockhart {R}iver ``{S}and {B}each'' {L}anguage: {A}n {O}utline of {K}uuku {Y}a'u and {U}mpila},
	Volume = {11},
	Year = {1988}}

@unpublished{zandvoort99,
	Author = {Franklin Zandvoort},
	Date-Added = {2018-02-08 20:26:21 +0000},
	Date-Modified = {2018-02-08 20:27:28 +0000},
	Keywords = {australian, quanthandbook},
	Note = {{BA} {T}hesis, University of {N}ew {E}ngland},
	Title = {A {G}rammar of {M}atngele},
	Year = {1999}}

@incollection{bowler17,
	Author = {Margit Bowler},
	Booktitle = {Handbook of {Q}uantifiers in {N}atural {L}anguage: {V}olume {II}},
	Date-Added = {2018-02-08 20:22:29 +0000},
	Date-Modified = {2018-02-08 20:25:02 +0000},
	Editor = {Denis Paperno and Edward Keenan},
	Keywords = {quantifiers, quanthandbook, australian},
	Pages = {963-994},
	Publisher = {Springer},
	Title = {Quantification in {W}arlpiri},
	Year = {2017}}

@article{bowernatkinson12,
	Author = {Claire Bowern and Quentin Atkinson},
	Date-Added = {2018-02-08 19:00:12 +0000},
	Date-Modified = {2018-02-08 19:01:12 +0000},
	Journal = {Language},
	Keywords = {quanthandbook, australian},
	Pages = {817-845},
	Title = {Computational phylogenetics and the internal structure of {P}ama-{N}yungan},
	Volume = {88},
	Year = {2012}}

@periodical{sandefur79,
	Author = {John Sandefur},
	Date-Added = {2018-02-05 19:57:51 +0000},
	Date-Modified = {2018-02-05 20:00:24 +0000},
	Journal = {Summer {I}nstitute of {L}inguistics},
	Keywords = {australian, quanthandbook},
	Title = {An {A}ustralian {C}reole in the {N}orthern {T}erritory: {A} {D}escription of {N}gukurr-{B}amyili {D}ialects},
	Volume = {3},
	Year = {1979}}

@mastersthesis{dench81,
	Author = {Alan Dench},
	Date-Added = {2018-02-05 19:18:48 +0000},
	Date-Modified = {2018-02-05 19:19:27 +0000},
	Keywords = {australian, quanthandbook},
	School = {{T}he {A}ustralian {N}ational {U}niversity},
	Title = {Panyjima {P}honology and {M}orphology},
	Year = {1981}}

@incollection{capell79,
	Author = {Arthur Capell},
	Booktitle = {Australian {L}inguistic {S}tudies},
	Date-Added = {2018-02-05 19:03:39 +0000},
	Date-Modified = {2018-02-05 19:08:00 +0000},
	Editor = {{S.A} Wurm},
	Keywords = {australian, quanthandbook},
	Number = {54},
	Pages = {141-194},
	Publisher = {Linguistic {C}ircle of {C}anberra},
	Series = {Pacific {L}inguistics},
	Title = {Grammatical classification in {A}ustralia},
	Volume = {C},
	Year = {1979}}

@unpublished{wilson06,
	Author = {Aidan Wilson},
	Date-Added = {2018-02-05 18:45:11 +0000},
	Date-Modified = {2018-02-05 18:46:45 +0000},
	Keywords = {australian, quanthandbook},
	Note = {{BA} {T}hesis, {U}niversity of {S}ydney},
	Title = {Negative {E}vidence in {L}inguistics: {T}he {C}ase of {W}agiman {C}omplex {P}redicates},
	Year = {2006}}

@book{hercus94,
	Author = {Luise Anna Hercus},
	Date-Added = {2018-01-09 05:16:30 +0000},
	Date-Modified = {2018-01-09 05:19:10 +0000},
	Journal = {Pacific {L}inguistics},
	Keywords = {australian, quanthandbook},
	Publisher = {{T}he {A}ustralian {N}ational {U}niversity},
	Title = {A {G}rammar of the {A}rabana-{W}angkangurru {L}anguage, {L}ake {E}yre {B}asin, {S}outh {A}ustralia},
	Year = {1994}}

@book{tsunoda11,
	Author = {Tasaku Tsunoda},
	Date-Added = {2018-01-09 05:13:28 +0000},
	Date-Modified = {2018-01-09 05:14:06 +0000},
	Keywords = {australian, quanthandbook},
	Publisher = {Mouton de {G}ruyter},
	Title = {A {G}rammar of {W}arrongo},
	Year = {2011}}

@mastersthesis{ogilvie94,
	Author = {Sarah Ogilvie},
	Date-Added = {2018-01-09 02:25:28 +0000},
	Date-Modified = {2018-01-09 02:26:34 +0000},
	Keywords = {australian, quanthandbook},
	School = {{T}he {A}ustralian {N}ational {U}niversity},
	Title = {The {M}orrobalama ({U}mbuygamu) {L}anguage of {C}ape {Y}ork {P}eninsula, {A}ustralia},
	Year = {1994}}

@book{bowern12,
	Author = {Claire Bowern},
	Date-Added = {2018-01-09 02:14:59 +0000},
	Date-Modified = {2018-01-09 02:15:45 +0000},
	Keywords = {australian, quanthandbook},
	Publisher = {Mouton de {G}ruyter},
	Title = {A {G}rammar of {B}ardi},
	Year = {2012}}

@book{heimkratzer98,
	Author = {Irene Heim and Angelika Kratzer},
	Date-Added = {2018-01-09 01:46:57 +0000},
	Date-Modified = {2018-01-09 01:49:35 +0000},
	Publisher = {Blackwell {P}ublishers},
	Title = {Semantics in {G}enerative {G}rammar},
	Year = {1998}}

@article{ogradyvoegelin66,
	Author = {Geoffrey O'Grady and {C. F.} Voegelin and {F. M.} Voegelin},
	Date-Added = {2018-01-09 01:19:37 +0000},
	Date-Modified = {2018-01-09 01:21:29 +0000},
	Journal = {Anthropological {L}inguistics},
	Keywords = {australian, quanthandbook},
	Number = {2},
	Pages = {1-197},
	Title = {Languages of the {W}orld: {I}ndo-{P}acific {F}ascicle {S}ix},
	Volume = {8},
	Year = {1966}}

@Book{qnl95,
  title = 	 {Quantification in Natural Languages},
  year =	 {1995},
  ALTdate = 	 {},
  OPTkey = 	 {},
  editor =	 {Emmon Bach and Eloise Jelinek and Angelika Kratzer and Barbara Hall Partee},
  series =	 {Studies in Linguistics and Philosophy},
  number =	 {54},
  OPTnote = 	 {},
  publisher =	 {Springer},
  location =	 {Dordrecht},
}

@InCollection{introqnl,
  author = 	 {Emmon Bach and Eloise Jelinek and Angelika Kratzer and Barbara Hall Partee},
  booktitle = 	 {Quantification in Natural Languages},
  title = 	 {Introduction},
  OPTcrossref =  {},
  OPTkey = 	 {},
  publisher =	 {Springer},
  year =	 {1995},
  editor =	 {Emmon Bach and Eloise Jelinek and Angelika Kratzer and Barbara Hall Partee},
  OPTvolume = 	 {},
  OPTnumber = 	 {54},
  OPTseries = 	 {Studies in Linguistics and Philosophy},
  OPTtype = 	 {},
  OPTchapter = 	 {},
  pages =	 {1--11},
  OPTedition = 	 {},
  OPTmonth = 	 {},
  address =	 {Dordrecht},
  OPTnote = 	 {},
  OPTannote = 	 {}
}

@InCollection{partee95,
  author = 	 {Barbara Hall Partee},
  title = 	 {Quantificational Structures and Compositionality},
  ALTyear = 	 {},
  ALTdate = 	 {},
  crossref =	 {qnl95},
  OPTkey = 	 {},
  OPTbooktitle = {},
  OPTeditor = 	 {},
  OPTeditora = 	 {},
  OPTeditorb = 	 {},
  OPTeditorc = 	 {},
  OPTtranslator = {},
  OPTannotator = {},
  OPTcommentator = {},
  OPTintroduction = {},
  OPTforeword =  {},
  OPTafterword = {},
  OPTsubtitle =  {},
  OPTtitleaddon = {},
  OPTmaintitle = {},
  OPTmainsubtitle = {},
  OPTmaintitleaddon = {},
  OPTbooksubtitle = {},
  OPTbooktitleaddon = {},
  OPTlanguage =  {},
  OPToriglanguage = {},
  OPTvolume = 	 {},
  OPTpart = 	 {},
  OPTedition = 	 {},
  OPTvolumes = 	 {},
  OPTseries = 	 {},
  OPTnumber = 	 {},
  OPTnote = 	 {},
  OPTpublisher = {},
  OPTlocation =  {},
  OPTisbn = 	 {},
  chapter =	 {16},
  pages =	 {541--601},
  OPTaddendum =  {},
  OPTpubstate =  {},
  OPTdoi = 	 {},
  OPTeprint = 	 {},
  OPTeprintclass = {},
  OPTeprinttype = {},
  OPTurl = 	 {},
  OPTurldate = 	 {},
  OPTannote = 	 {}
}

@Collection{qclp08,
  editor = 	 {Lisa Matthewson},
  title = 	 {Quantification: A Cross-Linguistic Perspective},
  year =	 {2008},
  ALTdate = 	 {},
  OPTvolumes = 	 {},
  series =	 {North Holland Linguistic Series},
  number =	 {64},
  OPTnote = 	 {},
  publisher =	 {Emerald Group Publishing Limited},
  location =	 {Bingley},
  OPTisbn = 	 {},
  OPTannote = 	 {}
}

@Book{hbq17,
  ALTauthor = 	 {},
  title = 	 {Handbook of Quantifiers in Natural Language},
  year =	 {2017},
  ALTdate = 	 {},
  OPTkey = 	 {},
  editor =	 {Denis Paperno and Edward L. Keenan},
  OPTtitleaddon = {},
  OPTmaintitle = {},
  OPTmainsubtitle = {},
  OPTmaintitleaddon = {},
  volume =	 {II},
  OPTpart = 	 {},
  OPTedition = 	 {},
  OPTvolumes = 	 {},
  series =	 {Studies in Linguistics and Philosophy},
  number =	 {97},
  OPTnote = 	 {},
  publisher =	 {Springer},
  OPTlocation =  {},
  OPTisbn = 	 {},
  OPTpagetotal = {},
  OPTaddendum =  {},
  OPTpubstate =  {},
  doi = 	 {10.1007/978-3-319-44330-0},
  OPTeprint = 	 {},
  OPTeprintclass = {},
  OPTeprinttype = {},
  OPTurl = 	 {},
  OPTurldate = 	 {},
  OPTannote = 	 {}
}

@InCollection{keenan17qu,
  author = 	 {Edward L. Keenan},
  title = 	 {The Quantifier Questionnaire},
  booktitle = 	 {Handbook of {Q}uantifiers in {N}atural {L}anguage: {V}olume {II}},
  OPTcrossref =  {},
  OPTkey = 	 {},
  OPTpublisher = {},
  year =	 {2017},
  editor =	 {Denis Paperno and Edward L. Keenan},
  volume =	 {97},
  OPTnumber = 	 {},
  OPTseries = 	 {},
  series =	 {Studies in Linguistics and Philosophy},
  publisher =	 {Springer {N}etherlands},
  OPTtype = 	 {},
  OPTchapter = 	 {},
  pages =	 {1--20},
  OPTedition = 	 {},
  OPTmonth = 	 {},
  OPTaddress = 	 {},
  OPTnote = 	 {},
  OPTannote = 	 {}
}

@InCollection{keenanpaperno17ov,
  author = 	 {Edward L. Keenan and Denis Paperno},
  title = 	 {Overview},
  booktitle = 	 {Handbook of {Q}uantifiers in {N}atural {L}anguage: {V}olume {II}},
  OPTcrossref =  {},
  OPTkey = 	 {},
  OPTpublisher = {},
  year =	 {2017},
  editor =	 {Denis Paperno and Edward L. Keenan},
  volume =	 {97},
  OPTnumber = 	 {},
  OPTseries = 	 {},
  OPTtype = 	 {},
  OPTchapter = 	 {},
    series =	 {Studies in Linguistics and Philosophy},
  publisher =	 {Springer {N}etherlands},
  pages =	 {995--1004},
  OPTedition = 	 {},
  OPTmonth = 	 {},
  OPTaddress = 	 {},
  OPTnote = 	 {},
  OPTannote = 	 {}
}

@InCollection{bittnerhale95,
  author = 	 {Maria Bittner and Kenneth Hale},
  title = 	 {Remarks on Definiteness in {Warlpiri}},
  OPTbooktitle = 	 {},
  crossref =	 {qnl95},
  OPTkey = 	 {},
  pages =	 {81--106},
  OPTannote = 	 {}
}

@incollection{evans95,
	Author = {Nicholas Evans},
	Booktitle = {Quantification in {N}atural {L}anguages},
	Date-Added = {2018-02-18 18:16:19 +0000},
	Date-Modified = {2018-02-18 18:18:06 +0000},
	Editor = {Emmon Bach and Eloise Jelinek and Angelika Kratzer and Barbara Partee},
	Keywords = {australian, quanthandbook},
	Pages = {207-270},
	Publisher = {Kluwer {A}cademic {P}ublishers},
	Title = {A-{Q}uantifiers and {S}cope in {Mayali}},
	Year = {1995}}

@InCollection{gabysinger14,
  author = 	 {Alice Gaby and Ruth Singer},
  title = 	 {Semantics of Australian languages},
  booktitle = 	 {The Languages and Linguistics of Australia},
  publisher =	 {De Gruyter},
  year =	 {2014},
  editor =	 {Harold Koch and Rachel Nordlinger},
  pages = {295--327},
}

@InCollection{hale75,
  author = 	 {Kenneth Hale},
  title = 	 {Gaps in grammar and culture},
  booktitle = 	 {Linguistics and Anthropology, in honor of C.F. Voegelin},
  publisher =	 {Lisse: The Peter de Ridder Press},
  year =	 {1975},
  editor =	 {M. Dale Kinkade and Kenneth Hale and Oswald Werner},
  pages = {295--315},
}

@Article{bowernzentz12,
  author = 	 {Claire Bowern and Jason Zentz},
  title = 	 {Diversity in the Numeral Systems of {Australian} Languages},
  journal = 	 {Anthropological Linguistics},
  year = 	 {2012},
  OPTkey = 	 {},
  volume =	 {54},
  number =	 {2},
  pages =	 {133--160},
  OPTmonth = 	 {Summer},
  OPTnote = 	 {},
  OPTannote = 	 {}
}

@Article{rullmannetal08,
  author = 	 {Hotze Rullmann and Lisa Matthewson and Henry Davis},
  title = 	 {Modals as distributive indefinites},
  journal = 	 {Natural Language Semantics},
  year = 	 {2008},
  OPTkey = 	 {},
  volume =	 {16},
  OPTnumber =	 {},
  pages =	 {317--357},
  OPTmonth = 	 {},
  OPTnote = 	 {},
  OPTannote = 	 {}
}

@InCollection{bowler16d,
  author = 	 {Margit Bowler},
  title = 	 {The status of degrees in {Warlpiri}},
  booktitle = 	 {Proceedings of the Semantics of African, Asian and Austronesian Languages 2},
  publisher =	 {Universit\"{a}t Potsdam},
  year =	 {2016},
  editor =	 {Mira Grubic and Anne Mucha}
}

@Book{mcgregor04,
  author = 	 {William McGregor},
  title = 	 {The Languages of the {Kimberley}, {Western} {Australia}},
  year =	 {2004},
  publisher = 	 {Routledge},
  OPTkey = 	 {},
  OPTvolume = 	 {},
  OPTnumber = 	 {},
  OPTseries = 	 {},
  OPTaddress = 	 {},
  OPTedition = 	 {},
  OPTmonth = 	 {},
  OPTnote = 	 {},
  OPTannote = 	 {}
}

@InCollection{mcgregor05,
title = "Quantifying depictive secondary predicates in {Australian} languages",
author = "William McGregor",
year = "2005",
pages = "173--200",
editor = "Nikolaus P. Himmelmann and Eva Schultze-Berndt",
booktitle = "Secondary predicaton and adverbial modification",
publisher = "Oxford University Press",
}

@Book{laughren81,
  author = 	 {Mary Laughren},
  title = 	 {Number {Strand} -- {Warlpiri}},
  year =	 {1981},
  ALTdate = 	 {},
  OPTkey = 	 {},
  OPTeditor =	 {},
  OPTnote = 	 {},
  publisher =	 {{N.T.}\ {D}epartment of {E}ducation \& {C}urriculum {D}evelopment {C}entre},
  location =	 {Canberra},
}

@InCollection{jelinek95,
  author = 	 {Eloise Jelinek},
  title = 	 {Quantification in {Straits} {Salish}},
  crossref =	 {qnl95},
  OPTchapter = 	 {},
  pages =	 {487--540},
}

@InCollection{vieira95,
  author = 	 {Marsia Damaso Vieira},
  title = 	 {The Expression of Quantificational Notions in {Asurini} do {Trocar\'a}: {Evidence} against the Universality of Determiner Quantification},
  crossref =	 {qnl95},
  OPTkey = 	 {},
  OPTchapter = 	 {},
  pages =	 {701--720},
}

@Article{louagieverstraete16,
  author = 	 {Dana Louagie and Jean-Christophe Verstraete},
  title = 	 {Noun phrase constituency in {Australian} languages: {A} typological study},
  journal = {Linguistic Typology},
  year =	 {2016},
  ALTdate = 	 {},
  OPTkey = 	 {},
  OPTtranslator = {},
  OPTannotator = {},
  OPTcommentator = {},
  OPTsubtitle =  {},
  OPTtitleaddon = {},
  OPTeditor = 	 {},
  OPTeditora = 	 {},
  OPTeditorb = 	 {},
  OPTeditorc = 	 {},
  OPTjournalsubtitle = {},
  OPTissuetitle = {},
  OPTissuesubtitle = {},
  OPTlanguage =  {},
  OPToriglanguage = {},
  OPTseries = 	 {},
  volume =	 {20},
  number =	 {1},
  OPTeid = 	 {},
  OPTissue = 	 {},
  OPTmonth = 	 {},
  pages =	 {25--80},
  OPTversion = 	 {},
  OPTnote = 	 {},
  OPTissn = 	 {},
  OPTaddendum =  {},
  OPTpubstate =  {},
  doi =		 {10.1515/lingty-2016-0002},
  OPTeprint = 	 {},
  OPTeprintclass = {},
  OPTeprinttype = {},
  OPTurl = 	 {},
  OPTurldate = 	 {},
  OPTannote = 	 {}
}

@PhdThesis{louagie17diss,
  author = 	 {Dana Louagie},
  title = 	 {A typological study of noun phrase structures in {Australian} languages},
  school = 	 {KU Leuven},
  year = 	 {2017},
  OPTkey = 	 {},
  OPTtype = 	 {},
  OPTaddress = 	 {},
  OPTmonth = 	 {},
  OPTnote = 	 {},
  OPTannote = 	 {}
}

@InCollection{bittnertrondhjem08,
  author = 	 {Maria Bittner and Naja Trondhjem},
  title = 	 {Quantification as reference: {Evidence} from {Q}-verbs},
  crossref =	 {qclp08},
  OPTchapter = 	 {},
  pages =	 {7--66},
  OPTannote = 	 {}
}

@book{blevins01,
author = {Blevins, Juliette},
title = {Nhanda: {An} {Aboriginal} Language of Western {Australia}},
year = {2001},
publisher = {University of Hawai'i Press},
series = {Oceanic Linguistics Special Publications},
number = {30}
}

@book{heimkratzer98,
	Author = {Irene Heim and Angelika Kratzer},
	Date-Added = {2018-02-08 18:09:25 +0000},
	Date-Modified = {2018-02-08 18:10:15 +0000},
	Keywords = {quantifiers, modality},
	Publisher = {Blackwell {P}ublishers},
	Title = {Semantics in {G}enerative {G}rammar},
	Year = {1998}}

@periodical{sandefur79,
	Author = {John Sandefur},
	Date-Added = {2018-02-05 19:57:51 +0000},
	Date-Modified = {2018-02-05 20:00:24 +0000},
	Journal = {Summer {I}nstitute of {L}inguistics},
	Keywords = {australian, quanthandbook},
	Title = {An {A}ustralian {C}reole in the {N}orthern {T}erritory: {A} {D}escription of {N}gukurr-{B}amyili {D}ialects},
	Volume = {3},
	Year = {1979}}

@mastersthesis{dench81,
	Author = {Alan Dench},
	Date-Added = {2018-02-05 19:18:48 +0000},
	Date-Modified = {2018-02-05 19:19:27 +0000},
	Keywords = {australian, quanthandbook},
	School = {{T}he {A}ustralian {N}ational {U}niversity},
	Title = {Panyjima {P}honology and {M}orphology},
	Year = {1981}}

@incollection{capell79,
	Author = {Arthur Capell},
	Booktitle = {Australian {L}inguistic {S}tudies},
	Date-Added = {2018-02-05 19:03:39 +0000},
	Date-Modified = {2018-02-05 19:08:00 +0000},
	Editor = {S. A. Wurm},
	Keywords = {australian, quanthandbook},
	Number = {54},
	Pages = {141-194},
	Publisher = {Linguistic {C}ircle of {C}anberra},
	Series = {Pacific {L}inguistics},
	Title = {Grammatical classification in {A}ustralia},
	Volume = {C},
	Year = {1979}}

@unpublished{wilson06,
	Author = {Aidan Wilson},
	Date-Added = {2018-02-05 18:45:11 +0000},
	Date-Modified = {2018-02-05 18:46:45 +0000},
	Keywords = {australian, quanthandbook},
	Note = {{BA} {T}hesis, {U}niversity of {S}ydney},
	Title = {Negative {E}vidence in {L}inguistics: {T}he {C}ase of {W}agiman {C}omplex {P}redicates},
	Year = {2006}}

@book{ramchand08,
	Author = {Gillian Ramchand},
	Date-Added = {2018-01-28 20:49:13 +0000},
	Date-Modified = {2018-01-28 20:50:52 +0000},
	Keywords = {tense, aspect, events},
	Publisher = {Cambridge {U}niversity {P}ress},
	Series = {Cambridge {S}tudies in {L}inguistics},
	Title = {Verb {M}eaning and the {L}exicon: {A} {F}irst {P}hase {S}yntax},
	Year = {2008}}

@book{maslova04,
	Author = {Elena Maslova},
	Date-Added = {2018-01-27 18:47:58 +0000},
	Date-Modified = {2018-01-27 18:48:46 +0000},
	Keywords = {aspect typology},
	Publisher = {Lincom {E}uropa},
	Title = {Tundra {Y}ukaghir},
	Volume = {372},
	Year = {2003}}

@article{bowernzentz12,
	Author = {Claire Bowern and Jason Zentz},
	Date-Added = {2018-01-15 18:07:48 +0000},
	Date-Modified = {2018-01-15 18:08:35 +0000},
	Journal = {Anthropological Linguistics},
	Keywords = {australian},
	Number = {2},
	Pages = {133--160},
	Title = {Diversity in the numeral systems of {Australian} languages},
	Volume = {54},
	Year = {2012}}

@book{tsunoda11,
	Author = {Tasaku Tsunoda},
	Date-Added = {2018-01-10 21:02:20 +0000},
	Date-Modified = {2018-01-10 21:02:20 +0000},
	Keywords = {australian, quanthandbook},
	Publisher = {Mouton de {G}ruyter},
	Title = {A {G}rammar of {W}arrongo},
	Year = {2011}}

@mastersthesis{ogilvie94,
	Author = {Sarah Ogilvie},
	Date-Added = {2018-01-10 21:02:20 +0000},
	Date-Modified = {2018-01-10 21:02:20 +0000},
	Keywords = {australian, quanthandbook},
	School = {{T}he {A}ustralian {N}ational {U}niversity},
	Title = {The {M}orrobalama ({U}mbuygamu) {L}anguage of {C}ape {Y}ork {P}eninsula, {A}ustralia},
	Year = {1994}}

@article{ogradyvoegelin66,
	Author = {Geoffrey O'Grady and {C. F.} Voegelin and {F. M.} Voegelin},
	Date-Added = {2018-01-10 21:02:20 +0000},
	Date-Modified = {2018-01-10 21:02:20 +0000},
	Journal = {Anthropological {L}inguistics},
	Keywords = {australian, quanthandbook},
	Number = {2},
	Pages = {1-197},
	Title = {Languages of the {W}orld: {I}ndo-{P}acific {F}ascicle {S}ix},
	Volume = {8},
	Year = {1966}}

@book{altshuler16,
	Address = {Warsaw/{B}erlin},
	Author = {Daniel Altshuler},
	Date-Added = {2018-01-04 21:10:41 +0000},
	Date-Modified = {2018-01-04 21:13:16 +0000},
	Keywords = {aspect, tense, discourse},
	Publisher = {De {G}ruyter {O}pen {L}td},
	Title = {Events, {S}tates, and {T}imes: {A}n essay on narrative discourse in {E}nglish},
	Year = {2016}}

@article{copley08,
	Author = {Bridget Copley},
	Date-Added = {2017-12-31 19:30:10 +0000},
	Date-Modified = {2017-12-31 19:30:53 +0000},
	Journal = {Linguistic {I}nquiry},
	Keywords = {future tense, tense},
	Number = {2},
	Pages = {261-274},
	Title = {The plan's the thing: deconstructing futurate meanings},
	Volume = {39},
	Year = {2008}}

@incollection{jendraschek14,
	Author = {Gerd Jendraschek},
	Booktitle = {Future {T}imes, {F}uture {T}enses},
	Date-Added = {2017-12-16 18:47:28 +0000},
	Date-Modified = {2017-12-16 18:49:59 +0000},
	Editor = {Philippe {de {B}rabanter} and Mikhail Kissine and Saghie Sharifzadeh},
	Keywords = {tense, aspect, future tense},
	Pages = {138-164},
	Publisher = {Oxford {U}niversity {P}ress},
	Series = {Oxford {S}tudies of {T}ime in {L}anguage and {T}hought},
	Title = {Future tense, prospect aspect, and irrealis mood as part of the situation perspective: {I}nsights from {B}asque, {T}urkish, and {P}apuan},
	Year = {2014}}

@book{klein94,
	Address = {London},
	Author = {Wolfgang Klein},
	Date-Added = {2017-12-05 19:20:27 +0000},
	Date-Modified = {2017-12-05 19:20:57 +0000},
	Keywords = {tense, aspect},
	Publisher = {Routledge},
	Title = {Time in {L}anguage},
	Year = {1994}}

@article{bohnemeyer14,
	Author = {J\"{u}rgen Bohnemeyer},
	Date-Added = {2017-12-05 19:16:58 +0000},
	Date-Modified = {2017-12-05 19:17:37 +0000},
	Journal = {Natural {L}anguage and {L}inguistic {T}heory},
	Keywords = {tense, aspect},
	Pages = {917-954},
	Title = {Aspect vs. relative tense: the case reopened},
	Volume = {32},
	Year = {2014}}

@incollection{bohnemeyerforth,
	Author = {J\"{u}rgen Bohnemeyer},
	Booktitle = {Language Documentation and Conservation},
	Date-Added = {2017-12-05 19:03:39 +0000},
	Date-Modified = {2017-12-05 19:13:38 +0000},
	Editor = {Peter Jenks and Lev Michael},
	Keywords = {fieldwork, tense, aspect},
	Publisher = {University of {H}awai'i {P}ress},
	Title = {Elicitation and documentation of tense and aspect},
	Year = {Forthcoming}}

@unpublished{waldieetal09,
	Author = {Ryan Waldie and Tyler Peterson and Hotze Rullmann and Scott Mackie},
	Date-Added = {2017-12-03 20:52:20 +0000},
	Date-Modified = {2017-12-03 21:04:46 +0000},
	Keywords = {evidentiality, modality, speech acts},
	Note = {Handout, {W}orkshop on {S}tructure and {C}onstituency in the {L}anguages of the {A}mericas 14},
	Title = {Evidentials as epistemic modals or speech act operators: testing the tests},
	Year = {2009}}

@unpublished{faller06,
	Author = {Martina Faller},
	Date-Added = {2017-12-03 20:07:12 +0000},
	Date-Modified = {2017-12-03 20:08:36 +0000},
	Keywords = {evidentiality, modality},
	Note = {Manuscript},
	Title = {Evidentiality below and above speech acts},
	Year = {2006}}

@inproceedings{faller11,
	Author = {Martina Faller},
	Booktitle = {{P}roceedings of {S}emantics and {L}inguistic {T}heory 20},
	Date-Added = {2017-12-03 19:23:51 +0000},
	Date-Modified = {2017-12-03 19:25:33 +0000},
	Editor = {Nan Li and David Lutz},
	Keywords = {evidentiality, modality},
	Pages = {660-683},
	Title = {A possible worlds semantics for {C}uzco {Q}uechua evidentials},
	Year = {2011}}

@article{koev17,
	Author = {Todor Koev},
	Date-Added = {2017-11-22 23:44:02 +0000},
	Date-Modified = {2017-11-22 23:45:17 +0000},
	Journal = {Journal of {S}emantics},
	Keywords = {evidentiality, tense},
	Pages = {1-41},
	Title = {Evidentiality, learning events and spatiotemporal distance: the view from {B}ulgarian},
	Volume = {34},
	Year = {2017}}

@article{deal11,
	Author = {{Amy Rose} Deal},
	Date-Added = {2017-11-20 22:43:31 +0000},
	Date-Modified = {2017-11-20 22:44:18 +0000},
	Journal = {Language},
	Keywords = {modality},
	Number = {3},
	Pages = {559-585},
	Title = {Modals without scales},
	Volume = {87},
	Year = {2011}}

@article{poulos99,
	Author = {G.\ Poulos},
	Date-Added = {2017-11-11 23:51:05 +0000},
	Date-Modified = {2017-11-11 23:52:43 +0000},
	Journal = {South {A}frican {J}ournal of {A}frican {L}anguages},
	Keywords = {ideophones, bantu},
	Number = {3},
	Pages = {204-214},
	Title = {Grammaticalisation in {S}outh-{E}astern {B}antu and the linguistic `dynamics' underlying this process},
	Volume = {19},
	Year = {1999}}

@unpublished{marlo17,
	Author = {Michael Marlo},
	Date-Added = {2017-11-07 04:24:13 +0000},
	Date-Modified = {2017-11-07 04:26:04 +0000},
	Keywords = {bantu},
	Note = {Handout, 48th {A}nnual {C}onference on {A}frican {L}inguistics},
	Title = {Tone in the {L}uyia varieties of western {K}enya and eastern {U}ganda},
	Year = {2017}}

@incollection{schwager10,
	Author = {Magdalena Schwager},
	Booktitle = {Evidence from {E}videntials},
	Date-Added = {2017-11-02 17:19:00 +0000},
	Date-Modified = {2017-11-02 17:20:36 +0000},
	Editor = {Tyler Peterson and Uli Sauerland},
	Keywords = {evidentiality},
	Pages = {221-246},
	Series = {University of {B}ritish {C}olumbia {W}orking {P}apers in {L}inguistics},
	Title = {On what has been said in {T}agalog: reportative \textit{daw}},
	Volume = {28},
	Year = {2010}}

@article{mccreadyogata07,
	Author = {Eric Mc{C}ready and Norry Ogata},
	Date-Added = {2017-11-01 16:19:47 +0000},
	Date-Modified = {2017-11-01 16:21:03 +0000},
	Journal = {Linguistics and {P}hilosophy},
	Keywords = {evidentiality, modality},
	Number = {2},
	Pages = {147-206},
	Title = {Evidentiality, modality and probability},
	Volume = {30},
	Year = {2007}}

@article{roberts89,
	Author = {Craige Roberts},
	Date-Added = {2017-11-01 15:59:08 +0000},
	Date-Modified = {2017-11-01 16:01:03 +0000},
	Journal = {Linguistics and {P}hilosophy},
	Keywords = {modality},
	Pages = {683-721},
	Title = {Modal subordination and pronominal anaphora in discourse},
	Volume = {12},
	Year = {1989}}

@article{dehaan99,
	Author = {Ferdinand {de Haan}},
	Date-Added = {2017-10-31 03:31:36 +0000},
	Date-Modified = {2017-10-31 03:32:29 +0000},
	Journal = {Southwest {J}ournal of {L}inguistics},
	Keywords = {evidentiality},
	Pages = {83-101},
	Title = {Evidentiality and epistemic modality: setting boundaries},
	Volume = {18},
	Year = {1999}}

@book{hintikka62,
	Address = {Ithaca},
	Author = {Jaako Hintikka},
	Date-Added = {2017-10-30 20:06:23 +0000},
	Date-Modified = {2017-10-30 20:07:05 +0000},
	Keywords = {modality},
	Publisher = {Cornell {U}niversity {P}ress},
	Title = {Knowledge and {B}elief},
	Year = {1962}}

@inproceedings{anderbois14,
	Author = {Scott Ander{B}ois},
	Booktitle = {{P}roceedings of {S}emantics and {L}inguistic {T}heory 24},
	Date-Added = {2017-10-22 19:43:32 +0000},
	Date-Modified = {2017-10-22 19:44:55 +0000},
	Editor = {Todd Snider and Sarah D'Antonio and Mia Weigand},
	Keywords = {evidentiality},
	Pages = {234-254},
	Title = {On the exceptional status of reportative evidentials},
	Year = {2014}}

@article{lee13,
	Author = {Jungmee Lee},
	Date-Added = {2017-10-21 18:55:53 +0000},
	Date-Modified = {2017-10-21 18:56:19 +0000},
	Journal = {Natural {L}anguage {S}emantics},
	Keywords = {evidentiality, tense},
	Pages = {1-41},
	Title = {Temporal constraints on the meaning of evidentiality},
	Volume = {21},
	Year = {2013}}

@incollection{dm03,
	Author = {David Dwyer and Lioba Moshi},
	Booktitle = {Linguistic {T}ypology and {R}epresentation of {A}frican {L}anguages},
	Date-Added = {2017-10-19 22:53:26 +0000},
	Date-Modified = {2017-10-19 22:55:37 +0000},
	Editor = {John Mugane},
	Keywords = {ideophones},
	Pages = {173-187},
	Publisher = {Africa {W}orld {P}ress, {I}nc.},
	Series = {Trends in {A}frican {L}inguistics},
	Title = {Primary and grammaticalized ideophones},
	Volume = {5},
	Year = {2003}}

@article{schryver09,
	Author = {Gilles-Maurice {de Schryver}},
	Date-Added = {2017-10-19 19:30:51 +0000},
	Date-Modified = {2017-10-19 19:31:47 +0000},
	Journal = {Lexikos},
	Keywords = {ideophones},
	Pages = {34-54},
	Title = {The lexicographic treatment of ideophones in {Z}ulu},
	Volume = {19},
	Year = {2009}}

@mastersthesis{kubayi09,
	Author = {{Sikheto Joe} Kubayi},
	Date-Added = {2017-10-19 18:58:01 +0000},
	Date-Modified = {2017-10-19 18:59:19 +0000},
	Keywords = {ideophones},
	School = {University of {L}impopo},
	Title = {The ideophone in {X}itsonga: a morphosemantic analysis},
	Year = {2009}}

@phdthesis{marivate82,
	Address = {Pretoria},
	Author = {C.T.D. Marivate},
	Date-Added = {2017-10-19 16:59:54 +0000},
	Date-Modified = {2017-10-19 17:00:51 +0000},
	Keywords = {ideophones},
	School = {University of {S}outh {A}frica},
	Title = {The ideophone in {T}songa},
	Year = {1982}}

@incollection{amha01,
	Author = {Azeb Amha},
	Booktitle = {Ideophones},
	Date-Added = {2017-10-18 22:16:19 +0000},
	Date-Modified = {2017-10-18 22:17:22 +0000},
	Editor = {F.K.\ Voeltz and Christa Kilian-Hatz},
	Keywords = {ideophones},
	Pages = {49-62},
	Publisher = {John {B}enjamins {P}ublishing {C}ompany},
	Series = {Typological {S}tudies in {L}anguage},
	Title = {Ideophones and compound verbs in {W}olaitta},
	Volume = {44},
	Year = {2001}}

@incollection{mp01,
	Author = {C.T.\ Msimang and G.\ Poulos},
	Booktitle = {Ideophones},
	Date-Added = {2017-10-18 21:59:45 +0000},
	Date-Modified = {2017-10-18 22:01:48 +0000},
	Editor = {F.K.\ Voeltz and Christa Kilian-Hatz},
	Keywords = {ideophones},
	Pages = {235-249},
	Publisher = {John {B}enjamins {P}ublishing {C}ompany},
	Series = {Typological {S}tudies in {L}anguage},
	Title = {The ideophone in {Z}ulu: {A} re-examination of conceptual and descriptive notions},
	Volume = {44},
	Year = {2001}}

@mastersthesis{pg12,
	Author = {Jaime {P\'{e}rez Gonz\'{a}lez}},
	Date-Added = {2017-10-18 20:39:27 +0000},
	Date-Modified = {2017-10-18 20:41:16 +0000},
	Keywords = {ideophones},
	School = {El {C}entro de {I}nvestigaciones y {E}studios {S}uperiores en {A}ntropolog\'{i}a {S}ocial},
	Title = {Predicados expresivos e ide\'{o}fonos en tseltal},
	Year = {2012}}

@book{reichenbach47,
	Address = {New {Y}ork},
	Author = {Hans Reichenbach},
	Date-Added = {2017-10-18 04:27:37 +0000},
	Date-Modified = {2017-10-18 04:30:32 +0000},
	Keywords = {tense, aspect, perfect},
	Publisher = {Macmillan \& {C}o.},
	Title = {Elements of {S}ymbolic {L}ogic},
	Year = {1947}}

@incollection{grice75,
	Author = {H.P.\ Grice},
	Booktitle = {Syntax and {S}emantics},
	Date-Added = {2017-10-10 17:52:31 +0000},
	Date-Modified = {2017-10-10 18:11:02 +0000},
	Editor = {Peter Cole and Jerry Morgan},
	Keywords = {pragmatics},
	Pages = {41-58},
	Publisher = {Elsevier},
	Title = {Logic and conversation},
	Volume = {3: {S}peech {A}cts},
	Year = {1975}}

@article{smirnova13,
	Author = {Anastasia Smirnova},
	Date-Added = {2017-10-03 17:10:08 +0000},
	Date-Modified = {2017-10-03 17:12:30 +0000},
	Journal = {Journal of {S}emantics},
	Keywords = {evidentiality, tense},
	Pages = {479-532},
	Title = {Evidentiality in {B}ulgarian: temporality, epistemic modality, and information source},
	Volume = {30},
	Year = {2013}}

@incollection{lee11,
	Author = {Jungmee Lee},
	Booktitle = {Empirical {I}ssues in {S}yntax and {S}emantics},
	Date-Added = {2017-09-23 21:40:48 +0000},
	Date-Modified = {2017-09-23 21:43:56 +0000},
	Editor = {Olivier Bonami and Patricia Hofherr},
	Keywords = {evidentiality, tense},
	Pages = {287-311},
	Title = {The {K}orean evidential \textit{-te}: a modal analysis},
	Volume = {8},
	Year = {2011}}

@incollection{littelletal10,
	Author = {Patrick Littell and Lisa Matthewson and Tyler Peterson},
	Booktitle = {Evidence from {E}videntials},
	Date-Added = {2017-09-16 18:53:55 +0000},
	Date-Modified = {2017-09-16 18:57:20 +0000},
	Editor = {Tyler Peterson and Uli Sauerland},
	Keywords = {evidentiality},
	Pages = {89-104},
	Series = {University of {B}ritish {C}olumbia {W}orking {P}apers in {L}inguistics},
	Title = {On the semantics of conjectural questions},
	Volume = {28},
	Year = {2010}}

@article{dingemanse12,
	Author = {Mark Dingemanse},
	Date-Added = {2017-09-12 20:05:12 +0000},
	Date-Modified = {2017-09-12 20:06:25 +0000},
	Journal = {Language and {L}inguistics {C}ompass},
	Keywords = {ideophones},
	Number = {10},
	Pages = {654-672},
	Title = {Advances in the cross-linguistic study of ideophones},
	Volume = {6},
	Year = {2012}}

@incollection{ameka01,
	Author = {Felix Ameka},
	Booktitle = {Ideophones},
	Date-Added = {2017-09-09 17:06:10 +0000},
	Date-Modified = {2017-09-09 17:07:11 +0000},
	Editor = {F.K. Voeltz and Christa Kilian-Hatz},
	Keywords = {ideophones},
	Pages = {25-48},
	Publisher = {John {B}enjamins},
	Series = {Typological {S}tudies in {L}anguage},
	Title = {Ideophones and the nature Ideophones and the nature of the adjective word class in {E}we},
	Volume = {44},
	Year = {2001}}

@article{newman68,
	Author = {Paul Newman},
	Date-Added = {2017-09-09 17:05:16 +0000},
	Date-Modified = {2017-09-09 17:05:46 +0000},
	Journal = {Journal of {W}est {A}frican {L}anguages},
	Keywords = {ideophones},
	Pages = {107-117},
	Title = {Ideophones from a syntactic point of view},
	Volume = {2},
	Year = {1968}}

@article{samarin71,
	Author = {William J.\ Samarin},
	Date-Added = {2017-09-09 17:03:03 +0000},
	Date-Modified = {2017-09-09 17:04:02 +0000},
	Journal = {African {L}anguage {S}tudies},
	Keywords = {ideophones},
	Pages = {130-168},
	Title = {Survey of {B}antu {I}deophones},
	Volume = {12},
	Year = {1971}}

@article{dingemanse17,
	Author = {Mark Dingemanse},
	Date-Added = {2017-09-09 16:59:41 +0000},
	Date-Modified = {2017-09-09 17:02:12 +0000},
	Journal = {{STUF} -- {L}anguage typology and universals},
	Keywords = {ideophones},
	Number = {2},
	Pages = {119-141},
	Title = {Expressiveness and system integration: {O}n the typology of ideophones with special reference to {S}iwu},
	Volume = {70},
	Year = {2017}}

@book{ethnologue17,
	Date-Added = {2017-09-09 01:59:58 +0000},
	Date-Modified = {2017-09-09 02:01:00 +0000},
	Editor = {Gary Simons and Charles Fennig},
	Publisher = {{SIL} {I}nternational},
	Title = {Ethnologue: {L}anguages of the {W}orld, {T}wentieth edition.},
	Year = {2017}}

@incollection{johanson00,
	Address = {Berlin},
	Author = {Lars Johanson},
	Booktitle = {Evidentials: {T}urkic, {I}ranian, and {N}eighbouring {L}anguages},
	Date-Added = {2017-08-29 18:03:53 +0000},
	Date-Modified = {2017-08-29 18:04:50 +0000},
	Editor = {Lars Johanson and Bo Utas},
	Keywords = {evidentiality},
	Publisher = {Mouton de {G}ruyter},
	Title = {Turkic indirectives},
	Year = {2000}}

@inproceedings{bo17b,
	Author = {Margit Bowler and S\"{o}zen \"{O}zkan},
	Booktitle = {Proceedings of {W}orkshop on {A}ltaic {F}ormal {L}inguistics 13},
	Date-Added = {2017-08-25 16:51:46 +0000},
	Date-Modified = {2017-11-07 17:41:34 +0000},
	Keywords = {perfect, tense, turkic},
	Title = {Turkish \textit{-mI\c{s}} does not contribute ({E}nglish-type) present perfect},
	Year = {Forthcoming}}

@incollection{kv98,
	Address = {T\"{u}bingen},
	Author = {Wolfgang Klein and H Vater},
	Booktitle = {Typology of {V}erbal {C}ategories. {P}apers presented to {V}ladimir {N}edjalkov on the occasion of his 70th birthday},
	Date-Added = {2017-08-14 01:13:42 +0000},
	Date-Modified = {2017-08-14 01:14:58 +0000},
	Editor = {L Kulikov and H Vater},
	Keywords = {perfect},
	Pages = {215-235},
	Title = {The perfect in {E}nglish and {G}erman},
	Year = {1998}}

@article{kural97,
	Author = {Murat Kural},
	Date-Added = {2017-08-14 01:13:05 +0000},
	Date-Modified = {2017-08-14 01:13:39 +0000},
	Journal = {Linguistic {I}nquiry},
	Pages = {498-519},
	Title = {Postverbal constituents in {T}urkish and the linear correspondence axiom},
	Year = {1997}}

@article{zeyrek90,
	Author = {Deniz Zeyrek},
	Date-Added = {2017-08-14 00:34:57 +0000},
	Date-Modified = {2017-08-14 00:38:04 +0000},
	Journal = {Dilbilim {A}ra\c{s}t{\i}rmalar{\i} {[}{L}inguistic {I}nvestigations{]}},
	Keywords = {perfect},
	Pages = {79-84},
	Title = {-mi\c{s}'{\i}n masallardaki i\c{s}levi \"{u}st\"{u}ne {[}{T}he function of -mi\c{s} in folktales{]}},
	Volume = {1},
	Year = {1990}}

@unpublished{plungian11,
	Author = {Vladimir Plungian},
	Date-Added = {2017-08-13 19:10:41 +0000},
	Date-Modified = {2017-08-13 19:11:20 +0000},
	Keywords = {perfect},
	Note = {Slides, {S}alos-{VIII}},
	Title = {Towards a typology of perfect and related categories},
	Year = {2011}}

@book{dahl85,
	Author = {{\"{O}sten} Dahl},
	Date-Added = {2017-08-13 18:53:11 +0000},
	Date-Modified = {2017-08-13 18:57:00 +0000},
	Keywords = {tense, aspect, perfect},
	Publisher = {Oxford {U}niversity {P}ress},
	Title = {Tense and {A}spect {S}ystems},
	Year = {1985}}

@article{mccawley81,
	Author = {James Mc{C}awley},
	Date-Added = {2017-08-13 18:10:02 +0000},
	Date-Modified = {2017-08-13 18:11:16 +0000},
	Journal = {{A}ustralian {J}ournal of {L}inguistics},
	Keywords = {perfect},
	Pages = {81-90},
	Title = {Notes on the {E}nglish perfect},
	Volume = {1},
	Year = {1981}}

@unpublished{mericli16b,
	Author = {Benjamin Meri\c{c}li},
	Date-Added = {2017-08-08 17:57:42 +0000},
	Date-Modified = {2017-08-08 17:59:27 +0000},
	Keywords = {turkish, perfect},
	Note = {Slides, {S}econd {C}onference on {C}entral {A}sian {L}anguages and {L}inguistics},
	Title = {Perfective by default: aspect-shifting affixes in {T}urkish},
	Year = {2016}}

@article{schmitt01,
	Author = {Christina Schmitt},
	Date-Added = {2017-08-06 19:30:38 +0000},
	Date-Modified = {2017-08-06 19:31:25 +0000},
	Journal = {Natural {L}anguage and {L}inguistic {T}heory},
	Keywords = {perfect, tense, aspect},
	Number = {2},
	Pages = {403-453},
	Title = {Cross-linguistic variation and the present perfect: the case of {P}ortuguese},
	Volume = {19},
	Year = {2001}}

@article{musan01,
	Author = {Renate Musan},
	Date-Added = {2017-08-06 18:40:17 +0000},
	Date-Modified = {2017-08-06 18:41:09 +0000},
	Journal = {Natural {L}anguage and {L}inguistic {T}heory},
	Keywords = {perfect},
	Number = {2},
	Pages = {355-401},
	Title = {The present perfect in {G}erman: outline of its semantic composition},
	Volume = {19},
	Year = {2001}}

@article{ak06,
	Author = {Z.\ Ceyda {{A}rslan-{K}echriotis}},
	Date-Added = {2017-08-04 16:13:41 +0000},
	Date-Modified = {2017-08-04 16:14:52 +0000},
	Journal = {Turkic {L}anguages},
	Keywords = {turkish, perfect},
	Pages = {246-270},
	Title = {``{P}erfect'' in {T}urkish},
	Volume = {10},
	Year = {2006}}

@article{portner2003,
	Author = {Paul Portner},
	Date-Added = {2017-08-03 04:11:58 +0000},
	Date-Modified = {2017-08-03 04:12:50 +0000},
	Journal = {Linguistics and {P}hilosophy},
	Keywords = {perfect},
	Pages = {459-510},
	Title = {The (temporal) semantics and (modal) pragmatics of the perfect},
	Volume = {26},
	Year = {2003}}

@incollection{chomsky70,
	Author = {Noam Chomsky},
	Booktitle = {Studies in {O}riental and {G}eneral {L}inguistics},
	Date-Added = {2017-07-18 23:51:31 +0000},
	Date-Modified = {2017-07-18 23:52:45 +0000},
	Editor = {R.\ Jakobson and S.\ Kawamoto},
	Keywords = {perfect},
	Pages = {52-91},
	Publisher = {{TEC} {C}orporation for {L}anguage and {E}ducational {R}esearch},
	Title = {Deep structure, surface structure, and semantic interpretation},
	Year = {1970}}

@inproceedings{katz03,
	Author = {Graham Katz},
	Booktitle = {{P}roceedings of {S}emantics and {L}inguistic {T}heory 13},
	Date-Added = {2017-07-11 17:47:33 +0000},
	Date-Modified = {2017-07-11 17:48:37 +0000},
	Editor = {R.\ Young and Y.\ Zhou},
	Keywords = {modality, tense},
	Pages = {145-161},
	Title = {A modal account of the {E}nglish present perfect puzzle},
	Year = {2003}}

@book{ak88,
	Author = {Ayhan Aksu-Ko\c{c}},
	Date-Added = {2017-07-11 17:31:53 +0000},
	Date-Modified = {2017-07-11 17:32:27 +0000},
	Keywords = {aspect, evidentiality},
	Publisher = {Cambridge {U}niversity {P}ress},
	Title = {The {A}cquisition of {A}spect and {M}odality},
	Year = {1988}}

@book{kratzer12,
	Author = {Angelika Kratzer},
	Date-Added = {2017-06-25 19:59:05 +0000},
	Date-Modified = {2017-06-25 19:59:35 +0000},
	Keywords = {modality},
	Publisher = {Oxford {U}niversity {P}ress},
	Title = {Modals and {C}onditionals},
	Year = {2012}}

@article{karttunen71b,
	Author = {Lauri Karttunen},
	Date-Added = {2017-06-25 19:34:43 +0000},
	Date-Modified = {2017-06-25 19:36:29 +0000},
	Journal = {Paper in {L}inguistics},
	Number = {1},
	Pages = {55-69},
	Title = {Some observations on factivity},
	Volume = {4},
	Year = {1971}}

@unpublished{vk14,
	Author = {Jozina {Vander Klok}},
	Date-Added = {2017-06-20 16:55:45 +0000},
	Date-Modified = {2017-06-20 16:58:48 +0000},
	Keywords = {modality},
	Note = {http://www.eva.mpg.de/lingua/tools-at-lingboard/questionnaire/cross-linguistic-use.php},
	Title = {Questionnaire on modality for cross-linguistic use},
	Year = {2014}}

@inproceedings{kubotaetal09,
	Author = {Yusuku Kubota and Jungmee Lee and Anastasia Smirnova and Judith Tonhauser},
	Booktitle = {Proceedings of {S}inn und {B}edeutung 13},
	Date-Added = {2017-06-20 16:29:06 +0000},
	Date-Modified = {2017-06-20 16:30:31 +0000},
	Editor = {Arndt Riester and Torgrim Solstad},
	Keywords = {tense},
	Pages = {307-320},
	Title = {On the cross-linguistic interpretation of embedded tenses},
	Year = {2009}}

@book{ad03,
	Date-Added = {2017-06-14 05:45:07 +0000},
	Date-Modified = {2017-06-14 05:46:35 +0000},
	Editor = {Alexandra Aikhenvald and R.M.W.\ Dixon},
	Keywords = {evidentiality},
	Publisher = {John {B}enjamins {P}ublishing {C}ompany},
	Title = {Studies in {E}videntiality},
	Year = {2003}}

@article{delancey97,
	Author = {Scott De{L}ancey},
	Date-Added = {2017-06-01 19:52:09 +0000},
	Date-Modified = {2017-06-01 19:52:48 +0000},
	Journal = {Linguistic {T}ypology},
	Keywords = {mirativity},
	Pages = {33-52},
	Title = {Mirativity: the grammatical marking of unexpected information},
	Volume = {1},
	Year = {1997}}

@inproceedings{gm12,
	Author = {Anal\'{i}a Guti\'{e}rrez and Lisa Matthewson},
	Booktitle = {{SULA} 6: {T}he {S}emantics of {U}nderrepresented {L}anguages in the {A}mericas},
	Date-Added = {2017-05-31 18:14:17 +0000},
	Date-Modified = {2017-05-31 18:15:40 +0000},
	Keywords = {evidentiality},
	Pages = {63-79},
	Title = {Evidential determiners: best (sensory) evidence},
	Year = {2012}}

@article{fleck07,
	Author = {David Fleck},
	Date-Added = {2017-05-22 01:00:36 +0000},
	Date-Modified = {2017-05-22 01:01:33 +0000},
	Journal = {Language},
	Keywords = {evidentiality},
	Number = {3},
	Pages = {589-614},
	Title = {Evidentiality and double tense in {M}atses},
	Volume = {83},
	Year = {2007}}

@article{klein92,
	Author = {Wolfgang Klein},
	Date-Added = {2017-05-17 00:53:11 +0000},
	Date-Modified = {2017-05-17 00:53:56 +0000},
	Journal = {Language},
	Keywords = {perfect, tense, aspect},
	Pages = {525-552},
	Title = {The present perfect puzzle},
	Volume = {68},
	Year = {1992}}

@article{tatevosov01,
	Author = {Sergei Tatevosov},
	Date-Added = {2017-05-16 22:58:05 +0000},
	Date-Modified = {2017-05-16 22:59:04 +0000},
	Journal = {Journal of {P}ragmatics},
	Keywords = {evidentiality, perfect},
	Pages = {443-464},
	Title = {From resultatives to evidentials: {M}ultiple uses of the {P}erfect in {N}akh-{D}aghestanian languages},
	Volume = {33},
	Year = {2001}}

@article{gaumann11,
	Author = {Manana Topadze G\"{a}umann},
	Date-Added = {2017-05-16 22:41:45 +0000},
	Date-Modified = {2017-05-16 22:51:45 +0000},
	Journal = {Linguistic {D}iscovery},
	Keywords = {evidentiality, perfect},
	Number = {2},
	Pages = {122-138},
	Title = {The expression of evidentiality between lexicon and grammar. {A} case study from {G}eorgian},
	Volume = {9},
	Year = {2011}}

@article{willett88,
	Author = {Thomas Willett},
	Date-Added = {2017-05-16 19:27:17 +0000},
	Date-Modified = {2017-05-16 19:28:13 +0000},
	Journal = {Studies in {L}anguage},
	Keywords = {evidentiality},
	Number = {1},
	Pages = {51-97},
	Title = {A cross-linguistic survey of the grammaticization of evidentiality},
	Volume = {12},
	Year = {1988}}

@inproceedings{pvs04,
	Author = {Roumyana Pancheva and Arnim {von {S}techow}},
	Booktitle = {Proceedings of the {N}orth {E}ast {L}inguistic {S}ociety 34},
	Date-Added = {2017-05-15 17:40:55 +0000},
	Date-Modified = {2017-05-15 17:43:22 +0000},
	Editor = {Keir Moulton and M Wolf},
	Keywords = {perfect, tense},
	Title = {On the present perfect puzzle},
	Year = {2004}}

@inproceedings{smirnova11,
	Author = {Anastasia Smirnova},
	Booktitle = {{P}roceedings of {S}emantics and {L}inguistic {T}heory 21},
	Date-Added = {2017-05-10 15:46:40 +0000},
	Date-Modified = {2017-05-10 15:47:35 +0000},
	Keywords = {evidentiality, tense},
	Pages = {275-294},
	Title = {The meaning of the {B}ulgarian evidential and why it cannot express inferences about the future},
	Year = {2011}}

@inproceedings{gb16,
	Author = {John Gluckman and Margit Bowler},
	Booktitle = {{P}roceedings of {S}emantics and {L}inguistic {T}heory 26},
	Date-Added = {2017-05-08 21:11:03 +0000},
	Date-Modified = {2017-05-08 21:11:43 +0000},
	Keywords = {modality, evidentiality},
	Pages = {1063-1082},
	Title = {Expletive agreement, evidentiality, and modality in {L}ogooli},
	Year = {2016}}

@inproceedings{klose14,
	Author = {Claudius Klose},
	Booktitle = {Proceedings of {C}on{SOLE XXII}},
	Date-Added = {2017-05-08 19:52:59 +0000},
	Date-Modified = {2017-05-08 19:53:48 +0000},
	Keywords = {evidentiality, tense},
	Pages = {114-131},
	Title = {A temporal evidential in {A}ymara},
	Year = {2014}}

@article{faller04,
	Author = {Martina Faller},
	Date-Added = {2017-05-08 19:42:45 +0000},
	Date-Modified = {2017-05-08 19:43:28 +0000},
	Journal = {Journal of {S}emantics},
	Keywords = {evidentiality, tense},
	Pages = {45-85},
	Title = {The deictic core of `non-experienced past' in {C}uzco {Q}uechua},
	Volume = {21},
	Year = {2004}}

@phdthesis{korotkova16,
	Author = {Natasha Korotkova},
	Date-Added = {2017-05-08 19:39:45 +0000},
	Date-Modified = {2017-05-08 19:40:09 +0000},
	Keywords = {evidentiality},
	School = {University of {C}alifornia, {L}os {A}ngeles},
	Title = {Heterogeneity and uniformity in the evidential domain},
	Year = {2016}}

@unpublished{korotkova12,
	Author = {Natasha Korotkova},
	Date-Added = {2017-05-08 16:31:13 +0000},
	Date-Modified = {2017-05-08 19:38:56 +0000},
	Keywords = {evidentiality, tense},
	Note = {Slides, {U}niversity of {C}alifornia, {L}os {A}ngeles},
	Title = {Evidentiality in the {G}eorgian tense and aspect system},
	Year = {2012}}

@inproceedings{koev11,
	Author = {Todor Koev},
	Booktitle = {{P}roceedings of {S}emantics and {L}inguistic {T}heory 21},
	Date-Added = {2017-05-08 16:17:02 +0000},
	Date-Modified = {2017-05-08 16:18:03 +0000},
	Keywords = {evidentiality},
	Pages = {115-134},
	Title = {Evidentiality and temporal distance learning},
	Year = {2011}}

@unpublished{bo17,
	Author = {Margit Bowler and S\"{o}zen \"{O}zkan},
	Date-Added = {2017-05-08 16:12:26 +0000},
	Date-Modified = {2017-05-08 16:13:48 +0000},
	Keywords = {turkish, modality, evidentiality},
	Note = {Handout, {W}orkshop on {A}ltaic {F}ormal {L}inguistics 13},
	Title = {Indirect evidentiality in {T}urkish past tense},
	Year = {2017}}

@article{romerohan04,
	Author = {Maribel Romero and Chung-Hye Han},
	Date-Added = {2017-05-07 00:50:23 +0000},
	Date-Modified = {2017-05-07 00:51:38 +0000},
	Journal = {Linguistics and {P}hilosophy},
	Keywords = {certainty, modality},
	Pages = {609-658},
	Title = {On negative {\it yes/no} questions},
	Volume = {27},
	Year = {2004}}

@inproceedings{bc03,
	Author = {David Beaver and Cleo Condoravdi},
	Booktitle = {{P}roceedings of {S}emantics and {L}inguistic {T}heory 13},
	Date-Added = {2017-05-02 04:31:08 +0000},
	Date-Modified = {2017-05-02 04:32:53 +0000},
	Editor = {R Young and Y Zhou},
	Pages = {37-54},
	Title = {A uniform analysis of {\it before} and {\it after}},
	Year = {2003}}

@article{sharvit13,
	Author = {Yael Sharvit},
	Date-Added = {2017-05-02 00:44:54 +0000},
	Date-Modified = {2017-05-02 00:45:41 +0000},
	Journal = {Journal of {S}emantics},
	Keywords = {tense},
	Pages = {1-51},
	Title = {On the universal principles of tense embedding: the lesson from {\it before}},
	Volume = {0},
	Year = {2013}}

@incollection{os12,
	Author = {Toshiyuki Ogihara and Yael Sharvit},
	Booktitle = {Handbook of {T}ense and {A}spect},
	Date-Added = {2017-05-02 00:42:48 +0000},
	Date-Modified = {2017-05-02 00:44:05 +0000},
	Editor = {R Binnick},
	Keywords = {tense},
	Pages = {638-668},
	Publisher = {Oxford {U}niversity {P}ress},
	Title = {Embedded tenses},
	Year = {2012}}

@incollection{kamp81,
	Author = {Hans Kamp},
	Booktitle = {Formal {M}ethods in the {S}tudy of {L}anguage, {P}art {I}},
	Date-Added = {2017-05-01 23:03:57 +0000},
	Date-Modified = {2017-05-01 23:07:32 +0000},
	Editor = {J Groenendijk and Th Janssen and M Stokhof},
	Pages = {277-322},
	Publisher = {Mathematisch {C}entrum},
	Title = {A theory of truth and semantic representation},
	Year = {1981}}

@incollection{enc96,
	Author = {M En\c{c}},
	Booktitle = {The {H}andbook of {C}ontemporary {S}emantic {T}heory},
	Date-Added = {2017-05-01 18:39:16 +0000},
	Date-Modified = {2017-05-01 18:40:12 +0000},
	Editor = {S Lappin},
	Keywords = {tense, modality},
	Pages = {345-358},
	Publisher = {Blackwell},
	Title = {Tense and modality},
	Year = {1996}}

@inproceedings{rm13,
	Author = {Jessica Rett and Sarah Murray},
	Booktitle = {{P}roceedings of {S}emantics and {L}inguistic {T}heory 23},
	Date-Added = {2017-04-20 22:34:42 +0000},
	Date-Modified = {2017-04-20 22:35:32 +0000},
	Keywords = {evidentiality, mirativity},
	Pages = {453-472},
	Title = {A semantic account of mirative evidentials},
	Year = {2013}}

@book{friedman77,
	Address = {Columbus},
	Author = {Victor Friedman},
	Date-Added = {2017-04-20 22:19:33 +0000},
	Date-Modified = {2017-04-20 22:20:54 +0000},
	Keywords = {evidentiality},
	Publisher = {Slavica},
	Title = {The {G}rammatical {C}ategories of the {M}acedonian {I}ndicative},
	Year = {1977}}

@article{dickinson00,
	Author = {Connie Dickinson},
	Date-Added = {2017-04-19 22:23:10 +0000},
	Date-Modified = {2017-04-19 22:23:47 +0000},
	Journal = {Studies in {L}anguage},
	Keywords = {mirativity, evidentiality},
	Number = {2},
	Pages = {397-421},
	Title = {Mirativity in {T}safiki},
	Volume = {24},
	Year = {2000}}

@book{az87,
	Author = {E Abduldaev and O.V Zakharova},
	Date-Added = {2017-04-10 18:08:04 +0000},
	Date-Modified = {2017-04-10 18:10:14 +0000},
	Keywords = {turkictyp},
	Publisher = {Frunze},
	Title = {Grammatika {K}igirzskogo {L}iteraturnogo {Y}azyka},
	Year = {1987}}

@unpublished{vonstechow11,
	Author = {Arnim {von {S}techow}},
	Date-Added = {2017-04-09 20:52:55 +0000},
	Date-Modified = {2017-04-09 20:54:01 +0000},
	Keywords = {tense},
	Note = {Oslo {C}onference on {D}efiniteness},
	Title = {Indefinite and definite tense},
	Year = {2011}}

@unpublished{heim94,
	Author = {Irene Heim},
	Date-Added = {2017-04-09 20:36:22 +0000},
	Date-Modified = {2017-04-09 20:37:03 +0000},
	Keywords = {tense},
	Note = {Manuscript, {M}assachusetts {I}nstitute of {T}echnology},
	Title = {Comments on {A}busch's theory of tense},
	Year = {1994}}

@article{parsons73,
	Author = {Terence Parsons},
	Date-Added = {2017-04-09 20:30:15 +0000},
	Date-Modified = {2017-04-09 20:40:24 +0000},
	Journal = {The {J}ournal of {P}hilosophy},
	Keywords = {tense},
	Number = {18},
	Pages = {609-610},
	Title = {Tense operators versus quantifiers (abstract)},
	Volume = {70},
	Year = {1973}}

@incollection{condoravdi01,
	Author = {Cleo Condoravdi},
	Booktitle = {Stanford {P}apers on {S}emantics},
	Date-Added = {2017-04-05 22:47:19 +0000},
	Date-Modified = {2017-04-05 22:50:54 +0000},
	Editor = {David Beaver and Stefan Kaufmann and Brady Clark and Luis Casillas},
	Keywords = {modality, tense},
	Publisher = {C{SLI} {P}ublications},
	Title = {Temporal interpretation of modals: modals for the present and for the past},
	Year = {2001}}

@incollection{mccawley71,
	Address = {New {Y}ork},
	Author = {James Mc{C}awley},
	Booktitle = {Studies in {L}inguistic {S}emantics},
	Date-Added = {2017-04-04 02:13:23 +0000},
	Date-Modified = {2017-04-04 02:15:01 +0000},
	Editor = {Charles Fillmore and D.T Langendoen},
	Keywords = {tense, aspect},
	Pages = {96-113},
	Title = {Tense and time reference in {E}nglish},
	Year = {1971}}

@book{mccoard78,
	Address = {Amsterdam/{N}ew {Y}ork},
	Author = {R.{W} Mc{C}oard},
	Date-Added = {2017-04-04 01:12:24 +0000},
	Date-Modified = {2017-04-04 01:13:29 +0000},
	Keywords = {aspect, tense},
	Publisher = {Elsevier},
	Title = {The {E}nglish {P}erfect: {T}ense-choice and {P}ragmatic {I}nferences},
	Year = {1978}}

@book{dowty79,
	Author = {David Dowty},
	Date-Added = {2017-04-04 01:11:23 +0000},
	Date-Modified = {2017-04-04 01:12:07 +0000},
	Keywords = {tense, aspect},
	Publisher = {Kluwer},
	Title = {Word {M}eaning and {M}ontague {G}rammar},
	Year = {1979}}

@unpublished{bp05,
	Author = {Rhajesh Bhatt and Roumyana Pancheva},
	Date-Added = {2017-04-04 01:08:16 +0000},
	Date-Modified = {2017-04-04 01:09:48 +0000},
	Keywords = {modality, tense, aspect},
	Note = {Lecture notes, {LSA} 130},
	Title = {{LING} 130: {T}he syntax and semantics of aspect},
	Year = {2005}}

@inproceedings{ss07,
	Author = {Uli Sauerland and Mathias Schenner},
	Booktitle = {Proceedings of {S}inn und {B}edeutung 11},
	Date-Added = {2017-04-04 00:59:56 +0000},
	Date-Modified = {2017-04-04 01:01:13 +0000},
	Editor = {E Puig-Waldm\"{u}ller},
	Keywords = {evidentiality},
	Pages = {525-539},
	Title = {Embedded evidentials in {B}ulgarian},
	Year = {2007}}

@incollection{kratzer91,
	Author = {Angelika Kratzer},
	Booktitle = {Semantics: {A}n {I}nternational {H}andbook of {C}ontemporary {R}esearch},
	Date-Added = {2017-03-31 18:32:20 +0000},
	Date-Modified = {2017-04-09 20:53:28 +0000},
	Editor = {Arnim {von {S}techow} and Dieter Wunderlich},
	Keywords = {modality},
	Pages = {639-650},
	Publisher = {Mouton de {G}ruyter},
	Title = {Modality},
	Year = {1991}}

@phdthesis{vonfintel94,
	Author = {Kai {von Fintel}},
	Date-Added = {2017-03-26 19:33:23 +0000},
	Date-Modified = {2017-03-26 19:34:15 +0000},
	Keywords = {quantifiers},
	School = {University of {M}assachusetts, {A}mherst},
	Title = {Restrictions on {Q}uantifier {D}omains},
	Year = {1994}}

@article{dt98,
	Author = {Cabdulqaadir Salaad Dhoorre and Mauro Tosco},
	Date-Added = {2017-03-22 20:24:48 +0000},
	Date-Modified = {2017-03-22 20:25:54 +0000},
	Journal = {Journal of {A}frican {C}ultural {S}tudies},
	Keywords = {ideophones},
	Number = {2},
	Pages = {125-156},
	Title = {111 {S}omali ideophones},
	Volume = {11},
	Year = {1998}}

@inproceedings{diffloth72,
	Author = {G\'{e}rard Diffloth},
	Booktitle = {Chicago {L}inguistic {S}ociety 8},
	Date-Added = {2017-03-22 20:24:05 +0000},
	Date-Modified = {2017-03-22 20:24:39 +0000},
	Keywords = {ideophones},
	Pages = {440-447},
	Title = {Notes on expressive meaning},
	Year = {1972}}

@inproceedings{nicolas04,
	Author = {David Nicolas},
	Booktitle = {Proceedings of {S}inn und {B}edeutung 8},
	Date-Added = {2017-03-21 23:37:16 +0000},
	Date-Modified = {2017-03-21 23:38:12 +0000},
	Editor = {C\'{e}cile Meier and Matthias Weisgerber},
	Keywords = {degrees},
	Pages = {197-2017},
	Title = {The semantics of nouns derived from gradable adjectives},
	Year = {2004}}

@phdthesis{bochnak13,
	Author = {Ryan Bochnak},
	Date-Added = {2017-03-21 23:30:05 +0000},
	Date-Modified = {2017-03-21 23:30:51 +0000},
	Keywords = {degrees},
	School = {University of {C}hicago},
	Title = {Cross-linguistic {V}ariation in the {S}emantics of {C}omparatives},
	Year = {2013}}

@article{fkg15,
	Author = {Itamar Francez and Andrew Koontz-Garboden},
	Date-Added = {2017-03-21 23:28:59 +0000},
	Date-Modified = {2017-03-21 23:29:52 +0000},
	Journal = {Language},
	Keywords = {degrees},
	Number = {3},
	Pages = {533-563},
	Title = {Semantic variation and the grammar of property concepts},
	Volume = {91},
	Year = {2015}}

@phdthesis{rett08,
	Author = {Jessica Rett},
	Date-Added = {2017-03-21 23:28:14 +0000},
	Date-Modified = {2017-03-21 23:28:46 +0000},
	Keywords = {degrees},
	School = {Rutgers, {T}he {S}tate {U}niversity of {N}ew {J}ersey},
	Title = {Degree {M}odification in {N}atural {L}anguage},
	Year = {2008}}

@book{kennedy99,
	Address = {New {Y}ork},
	Author = {Christopher Kennedy},
	Date-Added = {2017-03-21 23:27:34 +0000},
	Date-Modified = {2017-03-21 23:28:07 +0000},
	Keywords = {degrees},
	Publisher = {Garland},
	Title = {Projecting the {A}djective: {T}he {S}yntax and {S}emantics of {G}radability and {C}omparison},
	Year = {1999}}

@article{moltmann09,
	Author = {Friederike Moltmann},
	Date-Added = {2017-03-21 23:27:21 +0000},
	Date-Modified = {2017-03-21 23:39:01 +0000},
	Journal = {Linguistics and {P}hilosophy},
	Keywords = {degrees},
	Pages = {51-94},
	Title = {Degree structure as trope structure: a trope-based analysis of positive and comparative adjectives},
	Volume = {32},
	Year = {2009}}

@article{da16,
	Author = {Mark Dingemanse and Kimi Akita},
	Date-Added = {2017-03-13 20:41:20 +0000},
	Date-Modified = {2017-08-06 18:42:12 +0000},
	Journal = {Journal of {L}inguistics},
	Keywords = {ideophones},
	Pages = {1-32},
	Title = {An inverse relation between expressiveness and grammatical integration: {O}n the morphosyntactic typology of ideophones, with special reference to {J}apanese},
	Year = {2016}}

@unpublished{vonfintel03,
	Author = {Kai {von Fintel}},
	Date-Added = {2017-03-04 19:06:08 +0000},
	Date-Modified = {2017-03-04 19:07:09 +0000},
	Keywords = {modality, pragmatics},
	Month = {December},
	Note = {University of {M}assachusetts, {A}mherst linguistics colloquium slides},
	Title = {Epistemic modals and conditionals revisited},
	Year = {2003}}

@article{klecha14,
	Author = {Peter {K}lecha},
	Date-Added = {2017-03-02 18:54:27 +0000},
	Date-Modified = {2017-05-08 20:11:11 +0000},
	Journal = {Journal of {S}emantics},
	Keywords = {modality, tense},
	Pages = {443-455},
	Title = {Diagnosing modality in predictive expressions},
	Volume = {31},
	Year = {2014}}

@inproceedings{faller01,
	Author = {Martina Faller},
	Booktitle = {Proceedings of the {S}emfest},
	Date-Added = {2017-03-02 06:34:19 +0000},
	Date-Modified = {2017-03-02 06:36:12 +0000},
	Editor = {David Beaver and Stefan Kaufmann and Brady Clark and Luis Casillas},
	Keywords = {evidentiality},
	Pages = {37-59},
	Publisher = {C{SLI} {P}ublications},
	Title = {Remarks on evidential hierarchies},
	Year = {2001}}

@inproceedings{davisetal07,
	Author = {Christopher Davis and Christopher Potts and Margaret Speas},
	Booktitle = {{P}roceedings of {S}emantics and {L}inguistic {T}heory 17},
	Date-Added = {2017-03-01 20:10:12 +0000},
	Date-Modified = {2017-03-01 20:12:32 +0000},
	Editor = {T Friedman and M Gibson},
	Keywords = {evidentiality, modality},
	Pages = {71-88},
	Title = {The pragmatic values of evidential sentences},
	Year = {2007}}

@inproceedings{matthewson12,
	Author = {Lisa Matthewson},
	Booktitle = {Proceedings of {S}inn und {B}edeutung 16},
	Date-Added = {2017-02-23 18:44:07 +0000},
	Date-Modified = {2017-02-23 18:45:28 +0000},
	Editor = {Ana Aguilar Guevara and Anna Chernilovskaya and Rick Nouwen},
	Keywords = {modality, tense},
	Pages = {431-446},
	Title = {On the (non-)future orientation of modals},
	Year = {2012}}

@unpublished{cs15,
	Author = {Fabrizio Cariani and Paolo Santorio},
	Date-Added = {2017-02-23 18:07:21 +0000},
	Date-Modified = {2017-02-23 18:08:26 +0000},
	Keywords = {tense, modality},
	Month = {November},
	Note = {Northwestern {U}niversity \& {U}niversity of {L}eeds},
	Title = {{\it Will} done better: selection semantics, future credence, and indeterminacy},
	Year = {2015}}

@incollection{stowell07,
	Address = {Berlin},
	Author = {Tim Stowell},
	Booktitle = {Recent {A}dvances in the {S}yntax and {S}emantics of {T}ense, {M}ood, and {A}spect},
	Date-Added = {2017-02-20 20:38:33 +0000},
	Date-Modified = {2017-02-20 20:40:58 +0000},
	Editor = {Louis {de Saussure} and Jacques Moeschler and Genoveva Puskas},
	Keywords = {tense, aspect},
	Pages = {123-146},
	Publisher = {Mouton de {G}ruyter},
	Series = {Trends in {L}inguistics},
	Title = {Sequence of perfect},
	Volume = {185},
	Year = {2007}}

@incollection{iatridouetal01,
	Author = {Sabine Iatridou and Elena Anagnostopoulou and Roumyana Izvorski},
	Booktitle = {Ken {H}ale: {A} {L}ife in {L}anguage},
	Date-Added = {2017-02-20 19:48:53 +0000},
	Date-Modified = {2017-08-06 18:41:27 +0000},
	Editor = {Michael Kenstowicz},
	Keywords = {tense, aspect, perfect},
	Number = {36},
	Publisher = {{MIT} {P}ress},
	Series = {Current {S}tudies in {L}inguistics},
	Title = {Observations about the form and meaning of the {P}erfect},
	Year = {2001}}

@article{iatridou00,
	Author = {Sabine Iatridou},
	Date-Added = {2017-02-16 01:29:46 +0000},
	Date-Modified = {2017-02-16 01:30:38 +0000},
	Journal = {Linguistic {I}nquiry},
	Keywords = {modality},
	Number = {2},
	Pages = {231-270},
	Title = {The grammatical ingredients of counterfactuality},
	Volume = {31},
	Year = {2000}}

@book{comrie76,
	Author = {Bernard Comrie},
	Date-Added = {2017-02-16 01:27:01 +0000},
	Date-Modified = {2017-02-16 01:27:44 +0000},
	Keywords = {aspect, tense},
	Publisher = {Cambridge {U}niversity {P}ress},
	Title = {Aspect: {A}n {I}ntroduction to the {S}tudy of {V}erbal {A}spect and {R}elated {P}roblems},
	Year = {1976}}

@article{sretal15,
	Author = {Lila {San Roque} and Simeon Floyd and Elisabeth Norcliffe},
	Date-Added = {2017-02-13 02:30:19 +0000},
	Date-Modified = {2017-02-13 02:32:30 +0000},
	Journal = {Lingua},
	Keywords = {evidentiality},
	Title = {Evidentiality and interrogativity},
	Year = {2015}}

@phdthesis{winans16,
	Author = {Lauren Winans},
	Date-Added = {2017-02-11 18:57:53 +0000},
	Date-Modified = {2017-02-11 18:58:30 +0000},
	Keywords = {tense, evidentiality, modality},
	School = {University of {C}alifornia, {L}os {A}ngeles},
	Title = {Inferences of {\it will}},
	Year = {2016}}

@unpublished{rs15,
	Author = {Mar\'{i}a Luisa Rivero and Milena Milojevi\'{c} Sheppard},
	Date-Added = {2017-02-11 18:56:12 +0000},
	Date-Modified = {2017-02-11 18:59:42 +0000},
	Keywords = {evidentiality, modality},
	Month = {June},
	Title = {The {S}lovenian future auxiliary {\it biti} as a tenseless gradable evidential modal: {I}nferential and {C}oncessive readings.},
	Year = {2015}}

@article{rivero14,
	Author = {Mar\'{i}a Luisa Rivero},
	Date-Added = {2017-02-11 18:54:23 +0000},
	Date-Modified = {2017-02-11 18:55:36 +0000},
	Journal = {Lingua},
	Keywords = {evidentiality, modality, tense},
	Number = {151},
	Pages = {197-215},
	Title = {Spanish inferential and mirative futures and conditionals: {A}n evidential gradable modal proposal},
	Year = {2014}}

@book{kornfilt97,
	Author = {Jaklin Kornfilt},
	Date-Added = {2017-02-11 18:21:50 +0000},
	Date-Modified = {2017-02-11 18:22:20 +0000},
	Keywords = {turkish},
	Publisher = {Routledge},
	Title = {Turkish},
	Year = {1997}}

@incollection{sa82,
	Author = {Dan Slobin and Ayhan Aksu},
	Booktitle = {Tense-{A}spect: {B}etween {S}emantics and {P}ragmatics},
	Date-Added = {2017-02-11 18:18:51 +0000},
	Date-Modified = {2017-02-11 18:19:44 +0000},
	Editor = {Paul Hopper},
	Keywords = {turkish},
	Publisher = {John {B}enjamins {P}ublishing {C}ompany},
	Title = {Tense, aspect and modality in the use of the {T}urkish evidential},
	Year = {1982}}

@book{lewis67,
	Author = {G Lewis},
	Date-Added = {2017-02-11 18:18:17 +0000},
	Date-Modified = {2017-02-11 18:18:38 +0000},
	Keywords = {turkish},
	Publisher = {Oxford {U}niversity {P}ress},
	Title = {Turkish {G}rammar},
	Year = {1967}}

@book{underhill76,
	Author = {Robert Underhill},
	Date-Added = {2017-02-11 18:17:44 +0000},
	Date-Modified = {2017-02-11 18:18:14 +0000},
	Keywords = {turkish},
	Publisher = {{MIT} {P}ress},
	Title = {Turkish {G}rammar},
	Year = {1976}}

@book{gk05,
	Author = {Asl\i G\"{o}ksel and Celia Kerslake},
	Date-Added = {2017-02-11 18:15:17 +0000},
	Date-Modified = {2017-02-11 18:16:23 +0000},
	Keywords = {turkish},
	Publisher = {Routledge},
	Title = {Turkish: {A} {C}omprehensive {G}rammar},
	Year = {2005}}

@unpublished{sz15,
	Author = {Vesela Simeonova and Gita Zareikar},
	Date-Added = {2017-02-11 02:10:31 +0000},
	Date-Modified = {2017-02-11 02:11:30 +0000},
	Keywords = {evidentiality},
	Title = {The syntax of evidentials in {A}zeri, {B}ulgarian, and {P}ersian},
	Year = {2015}}

@inproceedings{copley02,
	Author = {Bridget Copley},
	Booktitle = {Proceedings of the {N}ortheast {L}inguistic {S}ociety 32},
	Date-Added = {2017-02-07 17:53:31 +0000},
	Date-Modified = {2017-02-07 17:55:59 +0000},
	Editor = {Masako Hirotani},
	Keywords = {future tense, tense},
	Title = {A linguistic argument for indeterministic futures},
	Year = {2002}}

@phdthesis{thomas12,
	Author = {Guillaume Thomas},
	Date-Added = {2017-02-01 17:48:23 +0000},
	Date-Modified = {2017-02-01 17:49:30 +0000},
	Keywords = {tense},
	School = {Massachusetts {I}nstitute of {T}echnology},
	Title = {Temporal {I}mplicatures},
	Year = {2012}}

@article{karttunen71,
	Author = {Lauri Karttunen},
	Date-Added = {2017-01-28 02:37:27 +0000},
	Date-Modified = {2017-01-28 02:38:30 +0000},
	Journal = {Language},
	Number = {2},
	Pages = {340-358},
	Title = {{I}mplicative {V}erbs},
	Volume = {47},
	Year = {1971}}

@mastersthesis{mericli16,
	Author = {Benjamin Meri\c{c}li},
	Date-Added = {2017-01-27 21:53:20 +0000},
	Date-Modified = {2017-01-27 21:54:24 +0000},
	Keywords = {turkish, evidentiality},
	Month = {December},
	School = {University of {C}alifornia, {S}anta {C}ruz},
	Title = {Modeling {I}ndirect {E}vidence},
	Year = {2016}}

@article{kennedymcnally05,
	Author = {Chris Kennedy and Louise McNally},
	Date-Added = {2017-01-18 00:59:46 +0000},
	Date-Modified = {2017-01-18 01:00:51 +0000},
	Journal = {Language},
	Number = {2},
	Pages = {345-81},
	Title = {Scale structure and semantic typology of gradable predicates},
	Volume = {81},
	Year = {2005}}

@phdthesis{lassiter11,
	Author = {Daniel Lassiter},
	Date-Added = {2017-01-10 21:14:50 +0000},
	Date-Modified = {2017-01-10 21:15:13 +0000},
	School = {New {Y}ork {U}niversity},
	Title = {Measurement and modality},
	Year = {2011}}

@inproceedings{lassiter10,
	Author = {Daniel Lassiter},
	Booktitle = {{P}roceedings of {S}emantics and {L}inguistic {T}heory 20},
	Date-Added = {2017-01-10 21:14:16 +0000},
	Date-Modified = {2017-01-10 21:14:46 +0000},
	Title = {Gradable epistemic modals, probability, and scale structure},
	Year = {2010}}

@inproceedings{klecha12,
	Author = {Peter {K}lecha},
	Date-Added = {2017-01-10 21:13:18 +0000},
	Date-Modified = {2017-01-10 21:13:59 +0000},
	Organization = {Sinn und {B}edeutung},
	Title = {Positive and conditional semantics for gradable modals},
	Year = {2012}}

@incollection{greed14,
	Author = {Teija Greed},
	Booktitle = {The {G}rammar of {K}nowledge: {A} {C}ross-{L}inguistic {T}ypology},
	Chapter = {3},
	Date-Added = {2017-01-10 20:15:08 +0000},
	Date-Modified = {2017-02-19 20:31:29 +0000},
	Editor = {Alexandra Aikhenvald and R.M.W.\ Dixon},
	Pages = {69--88},
	Publisher = {Oxford {U}niversity {P}ress},
	Series = {Explorations in {L}inguistic {T}ypology},
	Title = {The expression of knowledge in Tatar},
	Year = {2014}}

@mastersthesis{dav11,
	Author = {Albina Davliyeva},
	Date-Added = {2017-01-10 20:15:08 +0000},
	Date-Modified = {2017-02-19 20:31:46 +0000},
	School = {San {D}iego {S}tate {U}niversity},
	Title = {An {I}nvestigation of {K}azan {T}atar {M}orphology},
	Year = {2011}}

@manual{gray2011,
	Author = {David Gray},
	Date-Added = {2017-01-10 20:15:08 +0000},
	Date-Modified = {2017-01-10 20:15:08 +0000},
	Keywords = {turkictyp},
	Organization = {Summer {I}nstitute of {L}inguistics},
	Title = {Turkmen {G}rammar: {A} short descriptive grammar of the {T}urkmen language},
	Year = {2011}}

@phdthesis{straughn11,
	Author = {Christopher Straughn},
	Date-Added = {2017-01-10 20:15:08 +0000},
	Date-Modified = {2017-02-16 00:26:32 +0000},
	Keywords = {turkictyp},
	School = {University of {C}hicago},
	Title = {Evidentiality in {U}zbek and {K}azakh},
	Year = {2011}}

@mastersthesis{greed09,
	Author = {Teija Greed},
	Date-Added = {2017-01-10 20:15:08 +0000},
	Date-Modified = {2017-02-19 22:26:05 +0000},
	Month = {June},
	School = {University of Helsinki},
	Title = {Evidentiality in {T}atar},
	Year = {2009}}

@incollection{comrieetal07,
	Author = {Bernard Comrie and Maria Polinsky},
	Booktitle = {L'{E}nonciation {M}ediatisee {II}: {L}e traitement epistemologique de l'information: illustrations amerindiennes et caucasiennes},
	Date-Added = {2017-01-10 20:15:08 +0000},
	Date-Modified = {2017-02-11 19:02:21 +0000},
	Editor = {Zlatka Guentch\'{e}va and Jon Landaburu},
	Pages = {335--350},
	Publisher = {\'{E}ditions {P}eeters},
	Title = {Evidentials in {T}sez},
	Year = {2007}}

@book{aikh04,
	Author = {Alexandra Aikhenvald},
	Date-Added = {2017-01-10 20:15:08 +0000},
	Date-Modified = {2017-04-05 23:51:40 +0000},
	Publisher = {Oxford {U}niversity {P}ress},
	Title = {Evidentiality},
	Year = {2004}}

@book{oztopcu2000,
	Author = {Kurtulu\c{s} \"{O}ztop\c{c}u},
	Date-Added = {2017-01-10 20:15:08 +0000},
	Date-Modified = {2017-04-11 17:46:19 +0000},
	Keywords = {turkictyp},
	Publisher = {T\"{u}rk {D}illeri {A}ra\c{s}{\i}rmalar{\i} {D}izisi},
	Title = {Elementary {A}zerbaijani},
	Year = {2000}}

@book{dahl00,
	Author = {{\"{O}sten} Dahl},
	Date-Added = {2017-01-10 20:15:08 +0000},
	Date-Modified = {2017-08-13 18:57:07 +0000},
	Editor = {Georg Bossong and Bernard Comrie},
	Publisher = {Mouton de {G}ruyter},
	Series = {Empirical {A}pproaches to {L}anguage {T}ypology},
	Title = {Tense and {A}spect in the {L}anguages of {Europe}},
	Year = {2000}}

@incollection{dwyer2000,
	Author = {Adrienne Dwyer},
	Booktitle = {Evidentials: {T}urkic, {I}ranian, and {N}eighbouring {L}anguages},
	Date-Added = {2017-01-10 20:15:08 +0000},
	Date-Modified = {2017-01-10 20:15:08 +0000},
	Editor = {Lars Johanson and Bo Utas},
	Keywords = {turkictyp},
	Publisher = {Mouton de {G}ruyter},
	Title = {Direct and indirect experience in {S}alar},
	Year = {2000}}

@phdthesis{harrison2000,
	Author = {K.\ David Harrison},
	Date-Added = {2017-01-10 20:15:08 +0000},
	Date-Modified = {2017-01-10 20:15:08 +0000},
	Keywords = {turkictyp},
	School = {Yale {U}niversity},
	Title = {Topics in the {P}honology and {M}orphology of {T}uvan},
	Year = {2000}}

@incollection{ck1998,
	Author = {Eva Csat\'{o} and Birsel Karako\c{c}},
	Booktitle = {The {T}urkic {L}anguages},
	Date-Added = {2017-01-10 20:15:08 +0000},
	Date-Modified = {2017-01-10 20:15:08 +0000},
	Editor = {Lars Johanson and Eva Csat\'{o}},
	Keywords = {turkictyp},
	Publisher = {Routledge},
	Title = {Noghay},
	Year = {1998}}

@book{jc98,
	Date-Added = {2017-01-10 20:15:08 +0000},
	Date-Modified = {2018-01-27 23:58:46 +0000},
	Editor = {Lars Johanson and \'{E}va Csat\'{o}},
	Keywords = {turkictyp},
	Publisher = {Routledge},
	Title = {The {T}urkic {L}anguages},
	Year = {1998}}

@manual{aj1997,
	Author = {Mairam Abylkasymova and Gulaim Jumabaeva},
	Date-Added = {2017-01-10 20:15:08 +0000},
	Date-Modified = {2017-01-10 20:15:08 +0000},
	Keywords = {turkictyp},
	Organization = {Bishkek {P}eace {C}orps},
	Title = {Kyrgyz {L}anguage {M}anual},
	Year = {1997}}

@inproceedings{izvorski97,
	Author = {Roumyana Izvorski},
	Booktitle = {{P}roceedings of {S}emantics and {L}inguistic {T}heory 7},
	Date-Added = {2017-01-10 20:15:08 +0000},
	Date-Modified = {2017-03-04 19:09:11 +0000},
	Keywords = {evidentiality, modality},
	Title = {The present perfect as an epistemic modal},
	Year = {1997}}

@book{seegmiller1996,
	Author = {Steve Seegmiller},
	Date-Added = {2017-01-10 20:15:08 +0000},
	Date-Modified = {2017-01-10 20:15:08 +0000},
	Keywords = {turkictyp},
	Publisher = {Lincom {E}uropa},
	Title = {Karachay},
	Year = {1996}}

@book{hu1987,
	Author = {Hu Zhen-hua and Guy Imart},
	Date-Added = {2017-01-10 20:15:08 +0000},
	Date-Modified = {2017-01-10 20:15:08 +0000},
	Keywords = {turkictyp},
	Number = {8},
	Publisher = {Indiana {U}niversity {R}esearch {I}nstitute for {I}nner {A}sian {S}tudies},
	Series = {Papers on {I}nner {A}sia},
	Title = {Fu-{Y}\"{u} {G}\"{i}rg\"{i}s: {A} tentative description of the easternmost {T}urkic language},
	Year = {1987}}

@incollection{friedman86,
	Author = {Victor Friedman},
	Booktitle = {Evidentiality: {T}he {L}inguistic {C}oding of {E}pistemology},
	Date-Added = {2017-01-10 20:15:08 +0000},
	Date-Modified = {2017-05-16 23:00:52 +0000},
	Editor = {Johanna Nichols and Wallace Chafe},
	Pages = {186-187},
	Publisher = {ABLEX},
	Title = {Evidentiality in the {B}alkans: {B}ulgarian, {M}acedonian, and {A}lbanian},
	Year = {1986}}

@book{poppe1964,
	Author = {Nicholas Poppe},
	Date-Added = {2017-01-10 20:15:08 +0000},
	Date-Modified = {2017-01-10 20:15:08 +0000},
	Keywords = {turkictyp},
	Publisher = {Indiana {U}niversity {P}ublications},
	Title = {Bashkir {M}anual},
	Year = {1964}}

@book{krueger1961,
	Author = {John Krueger},
	Date-Added = {2017-01-10 20:15:08 +0000},
	Date-Modified = {2017-01-10 20:15:08 +0000},
	Keywords = {turkictyp},
	Publisher = {Indiana {U}niversity {P}ublications},
	Title = {Chuvash {M}anual},
	Year = {1961}}

@book{poppe61,
	Author = {Nicholas Poppe},
	Date-Added = {2017-01-10 20:15:08 +0000},
	Date-Modified = {2017-02-19 20:31:40 +0000},
	Keywords = {turkictyp},
	Publisher = {Indiana {U}niversity {P}ublications},
	Series = {Research and {S}tudies in {U}ralic and {A}ltaic {L}anguages},
	Title = {Tatar {M}anual},
	Year = {1961}}

@unpublished{antunano16,
	Author = {Iraide Ibarretxe Antu{\~{n}}ano},
	Date-Added = {2017-01-10 20:14:36 +0000},
	Date-Modified = {2017-08-06 18:41:56 +0000},
	Keywords = {ideophones},
	Note = {University of {Z}aragoza, manuscript},
	Title = {Basque ideophones from a typological perspective},
	Year = {2016}}

@unpublished{baglini16,
	Author = {Rebekah Baglini},
	Date-Added = {2017-01-10 20:14:36 +0000},
	Date-Modified = {2017-08-06 18:42:04 +0000},
	Keywords = {ideophones},
	Note = {Handout, {S}emantics and {L}inguistic {T}heory 26},
	Title = {The semantics of quotative ideophones},
	Year = {2016}}

@unpublished{henderson16,
	Author = {Robert Henderson},
	Date-Added = {2017-01-10 20:14:36 +0000},
	Date-Modified = {2017-01-10 20:14:36 +0000},
	Note = {Handout, {S}emantics and {L}inguistic {T}heory 26},
	Title = {Pluractional demonstrations},
	Year = {2016}}

@inproceedings{essegbey13,
	Address = {Somerville, {MA}},
	Author = {James Essegbey},
	Booktitle = {Selected {P}roceedings of the 43rd {A}nnual {C}onference on {A}frican {L}inguistics},
	Date-Added = {2017-01-10 20:14:36 +0000},
	Date-Modified = {2017-08-06 18:43:25 +0000},
	Editor = {Olanika Ola Orie and Karen Sanders},
	Keywords = {ideophones},
	Pages = {235-243},
	Publisher = {Cascadilla {P}roceedings {P}roject},
	Title = {Touch ideophones in {N}yagbo},
	Year = {2013}}

@phdthesis{dingemanse11,
	Address = {Nijmegen},
	Author = {Mark Dingemanse},
	Date-Added = {2017-01-10 20:14:36 +0000},
	Date-Modified = {2017-01-10 20:14:36 +0000},
	School = {Radboud {U}niversity {N}ijmegen},
	Title = {The {M}eaning and {U}se of {I}deophones in {S}iwu},
	Year = {2011}}

@article{morzycki09,
	Author = {Marcin Morzycki},
	Date-Added = {2017-01-10 20:14:36 +0000},
	Date-Modified = {2017-01-10 20:14:36 +0000},
	Journal = {Natural {L}anguage {S}emantics},
	Pages = {175-203},
	Title = {Degree modification of gradable nouns: size adjectives and adnominal degree morphemes},
	Volume = {17},
	Year = {2009}}

@incollection{kennedylevin08,
	Author = {Chris Kennedy and Beth Levin},
	Booktitle = {Adjectives and {A}dverbs: {S}yntax, {S}emantics, and {D}iscourse},
	Date-Added = {2017-01-10 20:14:36 +0000},
	Date-Modified = {2017-01-10 20:14:36 +0000},
	Editor = {Louise McNally and Chris Kennedy},
	Publisher = {Oxford {U}niversity {P}ress},
	Title = {Measure of change: {T}he adjectival core of degree achievements},
	Year = {2008}}

@incollection{pinon05,
	Author = {Christopher Pi{\~n}\'{o}n},
	Booktitle = {Perspectives on {A}spect},
	Date-Added = {2017-01-10 20:14:36 +0000},
	Date-Modified = {2017-01-10 20:14:36 +0000},
	Editor = {H Verkuyl and H de Swart and A van Hout},
	Pages = {149-166},
	Publisher = {Springer},
	Title = {Adverbs of completion in an event semantics},
	Year = {2005}}

@incollection{heim01,
	Address = {Berlin},
	Author = {Irene Heim},
	Booktitle = {Audiatur vox sapientiae},
	Date-Added = {2017-01-10 20:14:36 +0000},
	Date-Modified = {2017-01-10 20:14:36 +0000},
	Editor = {Caroline F{\'{e}}ry and Wolfgang Sternefeld},
	Pages = {214-239},
	Publisher = {Akademie-{V}erlag},
	Title = {Degree operators and scope},
	Year = {2001}}

@book{voeltz01,
	Date-Added = {2017-01-10 20:14:36 +0000},
	Date-Modified = {2017-08-06 18:43:13 +0000},
	Editor = {F.K.\ Voeltz and Christa Kilian-Hatz},
	Keywords = {ideophones},
	Publisher = {John {B}enjamins {P}ublishing {C}ompany},
	Title = {Ideophones},
	Year = {2001}}

@incollection{alpher1994,
	Author = {Barry Alpher},
	Booktitle = {Sound {S}ymbolism},
	Date-Added = {2017-01-10 20:14:36 +0000},
	Date-Modified = {2017-08-06 18:42:21 +0000},
	Editor = {Leanne Hinton and Johanna Nichols and John Ohala},
	Keywords = {ideophones},
	Pages = {161-177},
	Publisher = {Cambridge {U}niversity {P}ress},
	Title = {Yir-{Y}oront ideophones},
	Year = {1994}}

@incollection{childs94,
	Author = {Tucker Childs},
	Booktitle = {Sound {S}ymbolism},
	Date-Added = {2017-01-10 20:14:36 +0000},
	Date-Modified = {2017-08-06 18:42:36 +0000},
	Editor = {Leanne Hinton and Johanna Nichols and John Ohala},
	Keywords = {ideophones},
	Pages = {178-204},
	Publisher = {Cambridge {U}niversity {P}ress},
	Title = {African ideophones},
	Year = {1994}}

@incollection{hamano94,
	Author = {Shoko Hamano},
	Booktitle = {Sound {S}ymbolism},
	Date-Added = {2017-01-10 20:14:36 +0000},
	Date-Modified = {2017-08-06 18:43:00 +0000},
	Editor = {Leanne Hinton and Johanna Nichols and John Ohala},
	Keywords = {ideophones},
	Pages = {148-157},
	Publisher = {Cambridge {U}niversity {P}ress},
	Title = {Palatalization in {J}apanese sound symbolism},
	Year = {1994}}

@book{hintonetal94,
	Date-Added = {2017-01-10 20:14:36 +0000},
	Date-Modified = {2017-08-06 18:42:54 +0000},
	Editor = {Leanne Hinton and Johanna Nichols and John Ohala},
	Keywords = {ideophones},
	Publisher = {Cambridge {U}niversity {P}ress},
	Title = {Sound {S}ymbolism},
	Year = {1994}}

@article{childs88,
	Author = {Tucker Childs},
	Date-Added = {2017-01-10 20:14:36 +0000},
	Date-Modified = {2017-08-06 18:43:06 +0000},
	Journal = {Journal of {A}frican {L}anguages and {L}inguistics},
	Keywords = {ideophones},
	Number = {2},
	Pages = {165-190},
	Title = {The phonology of {K}isi ideophones},
	Volume = {10},
	Year = {1988}}

@incollection{abusch86,
	Address = {Stanford {U}niversity},
	Author = {Dorit Abusch},
	Booktitle = {Technical {R}eport {CSLI}},
	Date-Added = {2017-01-10 20:14:36 +0000},
	Date-Modified = {2017-01-10 20:14:36 +0000},
	Pages = {86-50},
	Publisher = {Center for the {S}tudy of {L}anguage and {I}nformation},
	Title = {Verbs of change, causation and time},
	Year = {1986}}

@incollection{cresswell76,
	Address = {New York},
	Author = {Max Cresswell},
	Booktitle = {Montague {G}rammar},
	Date-Added = {2017-01-10 20:14:36 +0000},
	Date-Modified = {2017-08-06 18:42:44 +0000},
	Editor = {Barbara Partee},
	Keywords = {degrees},
	Pages = {261-292},
	Publisher = {Academic Press},
	Title = {The semantics of degree},
	Year = {1976}}

@article{barschv72,
	Author = {Renate Bartsch and Theo Vennemann},
	Date-Added = {2017-01-10 20:14:36 +0000},
	Date-Modified = {2017-01-10 20:14:36 +0000},
	Journal = {Linguistische {B}erichte},
	Pages = {168-185},
	Title = {The grammar of relative adjectives and comparison},
	Volume = {21},
	Year = {1972}}

@book{doke35,
	Author = {C.M.\ Doke},
	Date-Added = {2017-01-10 20:14:36 +0000},
	Date-Modified = {2017-01-10 20:14:36 +0000},
	Publisher = {Longmans, {G}reen},
	Title = {Bantu {L}inguistic {T}erminology},
	Year = {1935}}

@book{mysaev64,
	Author = {K Mysaev},
	Date-Added = {2016-11-29 19:56:17 +0000},
	Date-Modified = {2016-11-29 19:57:05 +0000},
	Keywords = {turkictyp},
	Publisher = {Akademiya {N}auk {SSSR}, {I}nstitut {Y}azykoznaniya},
	Title = {{G}rammatika {K}araimskogo {Y}azyka},
	Year = {1964}}

@book{lebedev78,
	Author = {V Lebedev},
	Date-Added = {2016-11-29 19:53:54 +0000},
	Date-Modified = {2016-11-29 19:55:16 +0000},
	Keywords = {turkictyp},
	Publisher = {Akademiya {N}auk {SSSR}, {I}nstitut {Y}azyka, {L}iteratury i {I}storii},
	Title = {{Y}azyk {E}venov {Y}akutii},
	Year = {1978}}

@book{rassadin78,
	Author = {V Rassadin},
	Date-Added = {2016-11-29 19:50:17 +0000},
	Date-Modified = {2016-11-29 19:52:21 +0000},
	Keywords = {turkictyp},
	Publisher = {Akademiya {N}auk {SSSR}, {S}ibirskoe {O}tdelenie},
	Title = {Morfologia {T}ofalarskogo {Y}azyka v {S}ravnitel'nom {O}sveshchenii},
	Year = {1987}}

@inproceedings{kratzer98,
	Author = {Angelika Kratzer},
	Booktitle = {{P}roceedings of {S}emantics and {L}inguistic {T}heory 8},
	Date-Added = {2016-11-27 01:26:44 +0000},
	Date-Modified = {2016-11-27 01:27:36 +0000},
	Organization = {MIT},
	Title = {More structural analogies between pronouns and tenses},
	Year = {1998}}

@incollection{kratzer81,
	Address = {Berlin},
	Author = {Angelika Kratzer},
	Booktitle = {Words, {W}orlds, and {C}ontexts: {N}ew {A}pproaches in {W}ord {S}emantics},
	Date-Added = {2016-11-21 02:06:06 +0000},
	Date-Modified = {2016-11-21 02:07:15 +0000},
	Editor = {H.J {E}ikmeye and H Rieser},
	Pages = {38-74},
	Publisher = {Mouton de {G}ruyter},
	Title = {The notional category of modality},
	Year = {1981}}

@book{copley09,
	Address = {New York},
	Author = {Bridget Copley},
	Date-Added = {2016-11-21 01:49:39 +0000},
	Date-Modified = {2016-11-21 01:51:05 +0000},
	Publisher = {Routledge},
	Series = {Outstanding {D}issertations in {L}inguistics},
	Title = {The {S}emantics of the {F}uture},
	Year = {2009}}

@phdthesis{sahan02,
	Author = {Fatma \c{S}ahan},
	Date-Added = {2016-11-20 19:28:35 +0000},
	Date-Modified = {2016-11-20 19:29:32 +0000},
	School = {University of {W}isconsin-{M}adison},
	Title = {Nominal {C}lauses in {K}azan {T}atar},
	Year = {2002}}

@book{tenishev76b,
	Author = {E Tenishev},
	Date-Added = {2016-11-14 22:41:01 +0000},
	Date-Modified = {2016-11-14 22:42:15 +0000},
	Keywords = {turkictyp},
	Publisher = {Akademiya {N}auk {SSSR}, {I}nstitut {Y}azykoznaniya},
	Title = {Stroj {S}alarskogo {Y}azyka},
	Year = {1976}}

@book{tenishev76,
	Author = {E Tenishev},
	Date-Added = {2016-11-14 22:36:10 +0000},
	Date-Modified = {2016-11-14 22:42:23 +0000},
	Publisher = {Akademiya {N}auk {SSSR}, {I}nstitut {Y}azykoznaniya},
	Title = {Stroj {S}aryg-{Y}ugurskogo {Y}azyka},
	Year = {1976}}

@book{pokrovskaya64,
	Author = {L Pokrovskaya},
	Date-Added = {2016-11-14 22:28:48 +0000},
	Date-Modified = {2016-11-14 22:42:29 +0000},
	Keywords = {turkictyp},
	Publisher = {Akademiya {N}auk {SSSR}, {I}nstitut {Y}azykoznaniya},
	Title = {Grammatika {G}agauzskogo {Y}azyka: {F}onetika i {M}orfologiya},
	Year = {1964}}

@book{muhamedowa16,
	Author = {Raihan Muhamedowa},
	Date-Added = {2016-11-08 18:45:26 +0000},
	Date-Modified = {2016-11-08 18:46:19 +0000},
	Keywords = {turkictyp},
	Publisher = {Routledge},
	Title = {Kazakh: {A} {C}omprehensive {G}rammar},
	Year = {2016}}

@book{prior67,
	Author = {Arthur Prior},
	Date-Added = {2016-11-08 18:35:14 +0000},
	Date-Modified = {2016-11-08 18:35:43 +0000},
	Publisher = {Oxford {U}niversity {P}ress},
	Title = {Past, {P}resent, and {F}uture},
	Year = {1967}}

@incollection{matthewson15,
	Author = {Lisa Matthewson},
	Booktitle = {Epistemic {I}ndefinites},
	Date-Added = {2016-11-05 15:25:55 +0000},
	Date-Modified = {2016-11-05 15:27:13 +0000},
	Editor = {Luis Alonso-Ovalle and Paula Menendez-Benito},
	Pages = {141-160},
	Publisher = {Oxford {U}niversity {P}ress},
	Title = {Evidential restrictions on epistemic modals},
	Year = {2015}}

@unpublished{ozy16,
	Author = {Deniz \"{O}zy{\i}ld\i z},
	Date-Added = {2016-11-04 22:15:24 +0000},
	Date-Modified = {2016-11-04 22:18:53 +0000},
	Note = {University of {M}assachusetts, {A}mherst, handout},
	Title = {Factivity defeated},
	Year = {2016}}

@article{vfg10,
	Author = {Kai von Fintel and Anthony Gillies},
	Date-Added = {2016-11-04 21:33:57 +0000},
	Date-Modified = {2016-11-04 21:34:37 +0000},
	Journal = {Natural {L}anguage {S}emantics},
	Number = {4},
	Pages = {351-383},
	Title = {{\it Must}{\ldots} stay{\ldots} strong!},
	Volume = {18},
	Year = {2010}}

@incollection{karttunen72,
	Author = {Lauri Karttunen},
	Booktitle = {Syntax and {S}emantics},
	Date-Added = {2016-11-04 21:31:10 +0000},
	Date-Modified = {2016-11-04 21:32:15 +0000},
	Editor = {J Kimball},
	Pages = {1-20},
	Publisher = {Academic {P}ress},
	Title = {{\it Possible} and {\it must}},
	Volume = {1},
	Year = {1972}}

@article{matthewson07,
	Author = {Lisa Matthewson and Henry Davis and Hotze Rullmann},
	Date-Added = {2016-11-04 20:20:37 +0000},
	Date-Modified = {2016-11-04 20:21:46 +0000},
	Journal = {Linguistic {V}ariation {Y}earbook},
	Pages = {201-254},
	Title = {Evidentials as epistemic modals: {E}vidence from {S}t'\'{a}t'imcets},
	Volume = {7},
	Year = {2007}}

@article{rullmann08,
	Author = {Hotze Rullmann and Lisa Matthewson and Henry Davis},
	Date-Added = {2016-11-04 20:19:27 +0000},
	Date-Modified = {2016-11-04 20:20:24 +0000},
	Journal = {Natural {L}anguage {S}emantics},
	Pages = {317-357},
	Title = {Modals as distributive indefinites},
	Volume = {16},
	Year = {2008}}

@phdthesis{murray10,
	Author = {Sarah Murray},
	Date-Added = {2016-11-04 20:16:52 +0000},
	Date-Modified = {2016-11-04 20:17:32 +0000},
	School = {Rutgers, the {S}tate {U}niversity of {N}ew {J}ersey},
	Title = {Evidentiality and {S}tructure of {S}peech {A}cts},
	Year = {2010}}

@phdthesis{faller02,
	Author = {Martina Faller},
	Date-Added = {2016-11-04 20:15:46 +0000},
	Date-Modified = {2016-11-04 20:16:49 +0000},
	School = {Stanford {U}niversity},
	Title = {Semantics and {P}ragmatics of {E}videntials in {Q}uzco {Q}uechua},
	Year = {2002}}

@article{partee84,
	Author = {Barbara Partee},
	Date-Added = {2016-11-04 20:11:53 +0000},
	Date-Modified = {2016-11-04 20:12:30 +0000},
	Journal = {Linguistics and {P}hilosophy},
	Pages = {243-286},
	Title = {Nominal and temporal anaphora},
	Volume = {7},
	Year = {1984}}

@article{partee73,
	Author = {Barbara Partee},
	Date-Added = {2016-11-04 20:08:57 +0000},
	Date-Modified = {2017-04-09 20:40:35 +0000},
	Journal = {The {J}ournal of {P}hilosophy},
	Keywords = {tense},
	Number = {18},
	Pages = {601-609},
	Title = {Some structural analogies between tenses and pronouns in {E}nglish},
	Volume = {70},
	Year = {1973}}

@phdthesis{sener11,
	Author = {Nil\"{u}fer \c{S}ener},
	Date-Added = {2016-11-04 20:00:34 +0000},
	Date-Modified = {2017-02-11 02:08:10 +0000},
	School = {University of {C}onnecticut},
	Title = {Semantics and {P}ragmatics of {E}videntials in {T}urkish},
	Year = {2011}}

@book{krueger1977,
	Author = {John Krueger},
	Date-Added = {2016-10-24 16:28:23 +0000},
	Date-Modified = {2016-10-24 16:29:33 +0000},
	Keywords = {turkictyp},
	Publisher = {Indiana {U}niversity},
	Series = {{U}ralic and {A}ltaic {S}eries},
	Title = {Tuvan {M}anual},
	Volume = {126},
	Year = {1977}}

@incollection{tatevosov07,
	Author = {Sergei Tatevosov},
	Booktitle = {L'{E}nonciation {M}ediatisee {II}: {L}e traitement epistemologique de l'information: illustrations amerindiennes et caucasiennes},
	Date-Added = {2016-09-29 20:24:55 +0000},
	Date-Modified = {2016-11-21 19:12:42 +0000},
	Editor = {Zlatka Guentch\'{e}va and Jon Landaburu},
	Keywords = {turkictyp},
	Pages = {407--433},
	Publisher = {\'{E}ditions {P}eeters},
	Title = {Evidentiality and mirativity in the {M}ishar dialect of {T}atar},
	Year = {2007}}
